<?xml version="1.0" encoding="UTF-8"?>
<!DOCTYPE html PUBLIC "-//W3C//DTD XHTML 1.0 Transitional//EN"
    "http://www.w3.org/TR/xhtml1/DTD/xhtml1-transitional.dtd">
<html xmlns="http://www.w3.org/1999/xhtml" xml:lang="en" lang="en">
 <head>
  <title>
</title>
<meta http-equiv="Content-Type" content="text/html;charset=utf-8" />
  <meta name='ocr-system' content='tesseract 3.04.00' />
  <meta name='ocr-capabilities' content='ocr_page ocr_carea ocr_par ocr_line ocrx_word'/>
</head>
<body>
  <div class='ocr_page' id='page_1' title='image "./scholiaterentian00schluoft_0086.png"; bbox 0 0 1681 2576; ppageno 0'>
   <div class='ocr_carea' id='block_1_1' title="bbox 177 112 954 153">
    <p class='ocr_par' dir='ltr' id='par_1_1' title="bbox 177 112 954 153">
     <span class='ocr_line' id='line_1_1' title="bbox 177 112 954 153; baseline -0.001 -5"><span class='ocrx_word' id='word_1_1' title='bbox 177 112 199 153; x_wconf 82' lang='lat'><strong>7</strong></span> <span class='ocrx_word' id='word_1_2' title='bbox 211 114 238 153; x_wconf 83' lang='lat'>4</span> <span class='ocrx_word' id='word_1_3' title='bbox 733 113 777 149; x_wconf 86' lang='grc' dir='ltr'>Π.</span> <span class='ocrx_word' id='word_1_4' title='bbox 806 112 954 148; x_wconf 80' lang='lat' dir='ltr'>Donati.</span> 
     </span>
    </p>
   </div>
   <div class='ocr_carea' id='block_1_2' title="bbox 87 220 1506 2086">
    <p class='ocr_par' dir='ltr' id='par_1_2' title="bbox 165 220 1505 321">
     <span class='ocr_line' id='line_1_2' title="bbox 254 220 1505 274; baseline 0.003 -15"><span class='ocrx_word' id='word_1_5' title='bbox 254 222 345 260; x_wconf 84' lang='lat' dir='ltr'>Hec.</span> <span class='ocrx_word' id='word_1_6' title='bbox 366 222 462 273; x_wconf 85' lang='lat' dir='ltr'>prol.</span> <span class='ocrx_word' id='word_1_7' title='bbox 490 222 535 273; x_wconf 82' lang='lat'>11,</span> <span class='ocrx_word' id='word_1_8' title='bbox 564 220 616 262; x_wconf 82' lang='grc'>18</span> <span class='ocrx_word' id='word_1_9' title='bbox 651 228 695 262; x_wconf 92' lang='lat' dir='ltr'>ut</span> <span class='ocrx_word' id='word_1_10' title='bbox 726 226 764 262; x_wconf 76' lang='lat' dir='ltr'>in</span> <span class='ocrx_word' id='word_1_11' title='bbox 798 226 877 263; x_wconf 88' lang='lat' dir='ltr'>otio</span> <span class='ocrx_word' id='word_1_12' title='bbox 904 223 995 273; x_wconf 61' lang='lat' dir='ltr'>eta]</span> <span class='ocrx_word' id='word_1_13' title='bbox 1024 235 1069 262; x_wconf 83' lang='lat' dir='ltr'>ex</span> <span class='ocrx_word' id='word_1_14' title='bbox 1099 224 1195 274; x_wconf 83' lang='lat' dir='ltr'>ipsis</span> <span class='ocrx_word' id='word_1_15' title='bbox 1223 235 1357 262; x_wconf 84' lang='lat' dir='ltr'>rerum</span> <span class='ocrx_word' id='word_1_16' title='bbox 1382 226 1505 263; x_wconf 87' lang='lat' dir='ltr'>nomi-</span> 
     </span>
     <span class='ocr_line' id='line_1_3' title="bbox 165 280 1098 321; baseline 0.001 -2"><span class='ocrx_word' id='word_1_17' title='bbox 165 280 280 319; x_wconf 84' lang='lat' dir='ltr'>nibus</span> <span class='ocrx_word' id='word_1_18' title='bbox 314 281 484 318; x_wconf 77' lang='lat' dir='ltr'>ostendit</span> <span class='ocrx_word' id='word_1_19' title='bbox 517 280 740 320; x_wconf 78' lang='lat' dir='ltr'>facilitatem</span> <span class='ocrx_word' id='word_1_20' title='bbox 773 282 1009 321; x_wconf 84' lang='lat' dir='ltr'>deterrendi.</span> <span class='ocrx_word' id='word_1_21' title='bbox 1055 283 1098 320; x_wconf 89' lang='lat' dir='ltr'>E.</span> 
     </span>
    </p>

    <p class='ocr_par' dir='ltr' id='par_1_3' title="bbox 165 337 1506 447">
     <span class='ocr_line' id='line_1_4' title="bbox 255 337 1506 392; baseline 0.002 -15"><span class='ocrx_word' id='word_1_22' title='bbox 255 361 308 366; x_wconf 90' lang='lat'>——</span> <span class='ocrx_word' id='word_1_23' title='bbox 337 361 390 365; x_wconf 82' lang='lat'>—</span> <span class='ocrx_word' id='word_1_24' title='bbox 419 337 474 377; x_wconf 89' lang='grc'>20</span> <span class='ocrx_word' id='word_1_25' title='bbox 499 351 587 378; x_wconf 85' lang='lat' dir='ltr'>mea</span> <span class='ocrx_word' id='word_1_26' title='bbox 614 339 758 390; x_wconf 83' lang='lat' dir='ltr'>causa]</span> <span class='ocrx_word' id='word_1_27' title='bbox 787 340 1070 379; x_wconf 79' lang='lat' dir='ltr'>commendatio</span> <span class='ocrx_word' id='word_1_28' title='bbox 1098 340 1193 378; x_wconf 86' lang='lat' dir='ltr'>levis</span> <span class='ocrx_word' id='word_1_29' title='bbox 1219 352 1409 391; x_wconf 77' lang='lat' dir='ltr'>personae</span> <span class='ocrx_word' id='word_1_30' title='bbox 1436 353 1506 392; x_wconf 81' lang='lat' dir='ltr'>per</span> 
     </span>
     <span class='ocr_line' id='line_1_5' title="bbox 165 397 565 447; baseline 0 -12"><span class='ocrx_word' id='word_1_31' title='bbox 165 397 278 435; x_wconf 90' lang='lat' dir='ltr'>aliam</span> <span class='ocrx_word' id='word_1_32' title='bbox 309 409 475 447; x_wconf 77' lang='lat' dir='ltr'>gravem.</span> <span class='ocrx_word' id='word_1_33' title='bbox 520 398 565 435; x_wconf 89' lang='lat' dir='ltr'>E.</span> 
     </span>
    </p>

    <p class='ocr_par' dir='ltr' id='par_1_4' title="bbox 117 454 1169 507">
     <span class='ocr_line' id='line_1_6' title="bbox 117 454 1169 507; baseline 0.001 -13"><span class='ocrx_word' id='word_1_34' title='bbox 117 464 138 494; x_wconf 89' lang='lat'>5</span> <span class='ocrx_word' id='word_1_35' title='bbox 255 478 308 482; x_wconf 97' lang='lat'><strong>—</strong></span> <span class='ocrx_word' id='word_1_36' title='bbox 337 478 390 482; x_wconf 82' lang='lat'>—</span> <span class='ocrx_word' id='word_1_37' title='bbox 419 454 472 494; x_wconf 90' lang='grc'>21</span> <span class='ocrx_word' id='word_1_38' title='bbox 506 455 620 506; x_wconf 75' lang='lat' dir='ltr'>milii]</span> <span class='ocrx_word' id='word_1_39' title='bbox 653 469 673 495; x_wconf 89' lang='lat' dir='ltr'>a</span> <span class='ocrx_word' id='word_1_40' title='bbox 705 469 871 507; x_wconf 87' lang='lat' dir='ltr'>persona</span> <span class='ocrx_word' id='word_1_41' title='bbox 903 457 1079 496; x_wconf 81' lang='lat' dir='ltr'>dicentis.</span> <span class='ocrx_word' id='word_1_42' title='bbox 1126 459 1169 495; x_wconf 89' lang='lat' dir='ltr'>E.</span> 
     </span>
    </p>

    <p class='ocr_par' dir='ltr' id='par_1_5' title="bbox 165 512 1506 623">
     <span class='ocr_line' id='line_1_7' title="bbox 254 512 1506 567; baseline 0.002 -15"><span class='ocrx_word' id='word_1_43' title='bbox 254 536 307 540; x_wconf 90' lang='lat'>——</span> <span class='ocrx_word' id='word_1_44' title='bbox 337 536 390 540; x_wconf 88' lang='lat'>——</span> <span class='ocrx_word' id='word_1_45' title='bbox 419 512 472 552; x_wconf 92' lang='grc'>22</span> <span class='ocrx_word' id='word_1_46' title='bbox 506 517 563 553; x_wconf 88' lang='lat' dir='ltr'>ita</span> <span class='ocrx_word' id='word_1_47' title='bbox 592 527 692 554; x_wconf 72' lang='lat' dir='ltr'>veam</span> <span class='ocrx_word' id='word_1_48' title='bbox 730 514 941 565; x_wconf 75' lang='lat' dir='ltr'>oppressit]</span> <span class='ocrx_word' id='word_1_49' title='bbox 986 515 1057 554; x_wconf 89' lang='lat' dir='ltr'>hoc</span> <span class='ocrx_word' id='word_1_50' title='bbox 1101 515 1275 554; x_wconf 82' lang='lat' dir='ltr'>succedit</span> <span class='ocrx_word' id='word_1_51' title='bbox 1315 528 1386 567; x_wconf 87' lang='lat' dir='ltr'>pro</span> <span class='ocrx_word' id='word_1_52' title='bbox 1428 516 1506 567; x_wconf 93' lang='grc'><strong>1110,</strong></span> 
     </span>
     <span class='ocr_line' id='line_1_8' title="bbox 165 572 1057 623; baseline 0.002 -13"><span class='ocrx_word' id='word_1_53' title='bbox 165 572 267 623; x_wconf 87' lang='lat' dir='ltr'>quod</span> <span class='ocrx_word' id='word_1_54' title='bbox 300 578 359 610; x_wconf 88' lang='lat' dir='ltr'>est</span> <span class='ocrx_word' id='word_1_55' title='bbox 392 585 411 611; x_wconf 88' lang='lat' dir='ltr'>a</span> <span class='ocrx_word' id='word_1_56' title='bbox 443 585 611 623; x_wconf 90' lang='lat' dir='ltr'>persona</span> <span class='ocrx_word' id='word_1_57' title='bbox 643 573 967 612; x_wconf 85' lang='lat' dir='ltr'>adversariorum.</span> <span class='ocrx_word' id='word_1_58' title='bbox 1011 575 1057 612; x_wconf 88' lang='lat' dir='ltr'>E.</span> 
     </span>
    </p>

    <p class='ocr_par' dir='ltr' id='par_1_6' title="bbox 254 629 1504 681">
     <span class='ocr_line' id='line_1_9' title="bbox 254 629 1504 681; baseline 0.001 -11"><span class='ocrx_word' id='word_1_59' title='bbox 254 653 307 657; x_wconf 82' lang='lat'>——</span> <span class='ocrx_word' id='word_1_60' title='bbox 337 653 390 657; x_wconf 97' lang='lat'><strong>—</strong></span> <span class='ocrx_word' id='word_1_61' title='bbox 419 629 475 670; x_wconf 84' lang='lat'>30</span> <span class='ocrx_word' id='word_1_62' title='bbox 512 631 648 680; x_wconf 79' lang='lat' dir='ltr'>refero</span> <span class='ocrx_word' id='word_1_63' title='bbox 687 631 834 681; x_wconf 78' lang='lat' dir='ltr'>denuo]</span> <span class='ocrx_word' id='word_1_64' title='bbox 874 644 934 670; x_wconf 88' lang='lat' dir='ltr'>re-</span> <span class='ocrx_word' id='word_1_65' title='bbox 972 631 1139 671; x_wconf 85' lang='lat' dir='ltr'>abundat</span> <span class='ocrx_word' id='word_1_66' title='bbox 1172 638 1235 671; x_wconf 88' lang='lat' dir='ltr'>aut</span> <span class='ocrx_word' id='word_1_67' title='bbox 1269 633 1407 671; x_wconf 73' lang='lat' dir='ltr'>denuo</span> <span class='ocrx_word' id='word_1_68' title='bbox 1460 634 1504 672; x_wconf 83' lang='lat' dir='ltr'>E.</span> 
     </span>
    </p>

    <p class='ocr_par' dir='ltr' id='par_1_7' title="bbox 253 687 1504 742">
     <span class='ocr_line' id='line_1_10' title="bbox 253 687 1504 742; baseline 0.001 -14"><span class='ocrx_word' id='word_1_69' title='bbox 253 711 307 716; x_wconf 91' lang='lat'>—-</span> <span class='ocrx_word' id='word_1_70' title='bbox 335 712 389 716; x_wconf 87' lang='lat'><strong>—</strong></span> <span class='ocrx_word' id='word_1_71' title='bbox 417 687 470 728; x_wconf 82' lang='lat'>31</span> <span class='ocrx_word' id='word_1_72' title='bbox 500 693 632 739; x_wconf 78' lang='lat' dir='ltr'>primo</span> <span class='ocrx_word' id='word_1_73' title='bbox 665 695 758 729; x_wconf 82' lang='lat' dir='ltr'>actu</span> <span class='ocrx_word' id='word_1_74' title='bbox 785 690 947 740; x_wconf 77' lang='lat' dir='ltr'>placeo]</span> <span class='ocrx_word' id='word_1_75' title='bbox 980 702 1057 729; x_wconf 89' lang='lat' dir='ltr'>non</span> <span class='ocrx_word' id='word_1_76' title='bbox 1090 691 1157 729; x_wconf 92' lang='lat' dir='ltr'>diu</span> <span class='ocrx_word' id='word_1_77' title='bbox 1188 691 1373 742; x_wconf 76' lang='lat' dir='ltr'>pependit</span> <span class='ocrx_word' id='word_1_78' title='bbox 1404 692 1504 730; x_wconf 87' lang='lat' dir='ltr'>iudi-</span> 
     </span>
    </p>

    <p class='ocr_par' dir='ltr' id='par_1_8' title="bbox 95 748 1504 857">
     <span class='ocr_line' id='line_1_11' title="bbox 95 748 1504 801; baseline 0.001 -15"><span class='ocrx_word' id='word_1_79' title='bbox 95 755 138 787; x_wconf 90' lang='lat'>10</span> <span class='ocrx_word' id='word_1_80' title='bbox 164 749 284 800; x_wconf 82' lang='grc'><strong>0111111,</strong></span> <span class='ocrx_word' id='word_1_81' title='bbox 317 748 395 789; x_wconf 87' lang='lat' dir='ltr'>sed</span> <span class='ocrx_word' id='word_1_82' title='bbox 418 750 550 786; x_wconf 88' lang='lat' dir='ltr'>statim</span> <span class='ocrx_word' id='word_1_83' title='bbox 580 748 744 800; x_wconf 73' lang='lat' dir='ltr'>placuit,</span> <span class='ocrx_word' id='word_1_84' title='bbox 775 754 835 799; x_wconf 81' lang='lat' dir='ltr'>ut,</span> <span class='ocrx_word' id='word_1_85' title='bbox 872 749 973 799; x_wconf 84' lang='lat' dir='ltr'>quod</span> <span class='ocrx_word' id='word_1_86' title='bbox 1006 751 1200 801; x_wconf 79' lang='lat' dir='ltr'>sequitur,</span> <span class='ocrx_word' id='word_1_87' title='bbox 1237 762 1316 788; x_wconf 92' lang='lat' dir='ltr'>non</span> <span class='ocrx_word' id='word_1_88' title='bbox 1348 750 1504 801; x_wconf 85' lang='lat' dir='ltr'>iudicio,</span> 
     </span>
     <span class='ocr_line' id='line_1_12' title="bbox 165 806 1044 857; baseline 0 -12"><span class='ocrx_word' id='word_1_89' title='bbox 165 807 232 845; x_wconf 89' lang='lat' dir='ltr'>sed</span> <span class='ocrx_word' id='word_1_90' title='bbox 264 806 559 857; x_wconf 82' lang='lat' dir='ltr'>perturbatione</span> <span class='ocrx_word' id='word_1_91' title='bbox 592 807 737 845; x_wconf 84' lang='lat' dir='ltr'>factum</span> <span class='ocrx_word' id='word_1_92' title='bbox 768 807 955 845; x_wconf 77' lang='lat' dir='ltr'>videatur.</span> <span class='ocrx_word' id='word_1_93' title='bbox 1000 809 1044 846; x_wconf 91' lang='lat' dir='ltr'>E.</span> 
     </span>
    </p>

    <p class='ocr_par' dir='ltr' id='par_1_9' title="bbox 163 863 1505 1033">
     <span class='ocr_line' id='line_1_13' title="bbox 252 863 1505 917; baseline 0.002 -14"><span class='ocrx_word' id='word_1_94' title='bbox 252 887 305 891; x_wconf 75' lang='lat'>—</span> <span class='ocrx_word' id='word_1_95' title='bbox 328 887 381 891; x_wconf 84' lang='lat'>-——</span> <span class='ocrx_word' id='word_1_96' title='bbox 405 863 458 904; x_wconf 80' lang='lat'>38</span> <span class='ocrx_word' id='word_1_97' title='bbox 486 870 615 904; x_wconf 82' lang='lat' dir='ltr'>artem</span> <span class='ocrx_word' id='word_1_98' title='bbox 641 865 851 915; x_wconf 76' lang='lat' dir='ltr'>musicam]</span> <span class='ocrx_word' id='word_1_99' title='bbox 879 867 1060 917; x_wconf 82' lang='lat' dir='ltr'>oratorie,</span> <span class='ocrx_word' id='word_1_100' title='bbox 1086 878 1163 905; x_wconf 90' lang='lat' dir='ltr'>non</span> <span class='ocrx_word' id='word_1_101' title='bbox 1190 868 1303 917; x_wconf 82' lang='lat' dir='ltr'>quasi</span> <span class='ocrx_word' id='word_1_102' title='bbox 1328 866 1505 905; x_wconf 85' lang='lat' dir='ltr'>Terentii</span> 
     </span>
     <span class='ocr_line' id='line_1_14' title="bbox 163 923 993 973; baseline 0.002 -12"><span class='ocrx_word' id='word_1_103' title='bbox 163 935 278 961; x_wconf 85' lang='lat' dir='ltr'>causa</span> <span class='ocrx_word' id='word_1_104' title='bbox 310 928 455 973; x_wconf 80' lang='lat' dir='ltr'>agatur,</span> <span class='ocrx_word' id='word_1_105' title='bbox 489 923 557 962; x_wconf 90' lang='lat' dir='ltr'>sed</span> <span class='ocrx_word' id='word_1_106' title='bbox 589 925 684 962; x_wconf 87' lang='lat' dir='ltr'>artis</span> <span class='ocrx_word' id='word_1_107' title='bbox 716 925 901 962; x_wconf 82' lang='lat' dir='ltr'>musicae.</span> <span class='ocrx_word' id='word_1_108' title='bbox 946 925 993 963; x_wconf 91' lang='lat' dir='ltr'>E.</span> 
     </span>
     <span class='ocr_line' id='line_1_15' title="bbox 252 979 1280 1033; baseline 0 -13"><span class='ocrx_word' id='word_1_109' title='bbox 252 1004 305 1008; x_wconf 90' lang='lat'>—-</span> <span class='ocrx_word' id='word_1_110' title='bbox 334 1004 387 1008; x_wconf 91' lang='lat'>—</span> <span class='ocrx_word' id='word_1_111' title='bbox 414 979 472 1020; x_wconf 85' lang='lat'>40</span> <span class='ocrx_word' id='word_1_112' title='bbox 503 994 614 1021; x_wconf 83' lang='lat' dir='ltr'>meae</span> <span class='ocrx_word' id='word_1_113' title='bbox 646 982 901 1032; x_wconf 80' lang='lat' dir='ltr'>auctoritati]</span> <span class='ocrx_word' id='word_1_114' title='bbox 936 984 1026 1033; x_wconf 85' lang='lat' dir='ltr'>quia</span> <span class='ocrx_word' id='word_1_115' title='bbox 1058 994 1176 1021; x_wconf 81' lang='lat' dir='ltr'>senex</span> <span class='ocrx_word' id='word_1_116' title='bbox 1210 988 1280 1021; x_wconf 86' lang='lat' dir='ltr'>est.</span> 
     </span>
    </p>

    <p class='ocr_par' dir='ltr' id='par_1_10' title="bbox 93 1040 1505 1208">
     <span class='ocr_line' id='line_1_16' title="bbox 93 1040 1503 1091; baseline 0.001 -13"><span class='ocrx_word' id='word_1_117' title='bbox 93 1048 135 1079; x_wconf 81' lang='lat'>15</span> <span class='ocrx_word' id='word_1_118' title='bbox 251 1062 305 1067; x_wconf 84' lang='lat'>—</span> <span class='ocrx_word' id='word_1_119' title='bbox 333 1062 387 1067; x_wconf 82' lang='lat'>—</span> <span class='ocrx_word' id='word_1_120' title='bbox 416 1062 470 1067; x_wconf 97' lang='lat'><strong>—</strong></span> <span class='ocrx_word' id='word_1_121' title='bbox 497 1052 609 1080; x_wconf 81' lang='lat' dir='ltr'>meae</span> <span class='ocrx_word' id='word_1_122' title='bbox 634 1043 873 1080; x_wconf 72' lang='lat' dir='ltr'>auctoritati</span> <span class='ocrx_word' id='word_1_123' title='bbox 896 1040 987 1091; x_wconf 67' lang='lat' dir='ltr'>eto]</span> <span class='ocrx_word' id='word_1_124' title='bbox 1016 1053 1090 1091; x_wconf 88' lang='lat' dir='ltr'>qua</span> <span class='ocrx_word' id='word_1_125' title='bbox 1115 1041 1343 1080; x_wconf 86' lang='lat' dir='ltr'>Terentium</span> <span class='ocrx_word' id='word_1_126' title='bbox 1369 1041 1503 1091; x_wconf 83' lang='lat' dir='ltr'>probo.</span> 
     </span>
     <span class='ocr_line' id='line_1_17' title="bbox 162 1099 1505 1151; baseline 0.001 -14"><span class='ocrx_word' id='word_1_127' title='bbox 162 1099 241 1137; x_wconf 85' lang='lat' dir='ltr'>vult</span> <span class='ocrx_word' id='word_1_128' title='bbox 279 1104 406 1137; x_wconf 85' lang='lat' dir='ltr'>tantae</span> <span class='ocrx_word' id='word_1_129' title='bbox 446 1100 686 1138; x_wconf 76' lang='lat' dir='ltr'>auctoritatis</span> <span class='ocrx_word' id='word_1_130' title='bbox 726 1111 830 1151; x_wconf 81' lang='lat' dir='ltr'>esse,</span> <span class='ocrx_word' id='word_1_131' title='bbox 868 1105 910 1138; x_wconf 89' lang='lat' dir='ltr'>ut</span> <span class='ocrx_word' id='word_1_132' title='bbox 947 1099 1090 1150; x_wconf 89' lang='lat' dir='ltr'>populo</span> <span class='ocrx_word' id='word_1_133' title='bbox 1123 1099 1290 1151; x_wconf 78' lang='lat' dir='ltr'>placeat,</span> <span class='ocrx_word' id='word_1_134' title='bbox 1329 1101 1396 1150; x_wconf 87' lang='lat' dir='ltr'>qui</span> <span class='ocrx_word' id='word_1_135' title='bbox 1429 1099 1505 1138; x_wconf 88' lang='grc'><strong>51111</strong></span> 
     </span>
     <span class='ocr_line' id='line_1_18' title="bbox 161 1158 388 1208; baseline 0.004 -12"><span class='ocrx_word' id='word_1_136' title='bbox 161 1158 297 1208; x_wconf 85' lang='lat' dir='ltr'>placet.</span> <span class='ocrx_word' id='word_1_137' title='bbox 343 1158 388 1197; x_wconf 89' lang='lat' dir='ltr'>E.</span> 
     </span>
    </p>

    <p class='ocr_par' dir='ltr' id='par_1_11' title="bbox 251 1213 1502 1326">
     <span class='ocr_line' id='line_1_19' title="bbox 251 1213 1501 1266; baseline -0.001 -11"><span class='ocrx_word' id='word_1_138' title='bbox 251 1239 305 1242; x_wconf 97' lang='lat'><strong>—</strong></span> <span class='ocrx_word' id='word_1_139' title='bbox 328 1238 381 1242; x_wconf 93' lang='lat'><strong>—</strong></span> <span class='ocrx_word' id='word_1_140' title='bbox 401 1213 456 1254; x_wconf 83' lang='lat'>41</span> <span class='ocrx_word' id='word_1_141' title='bbox 489 1219 526 1255; x_wconf 82' lang='lat' dir='ltr'>si</span> <span class='ocrx_word' id='word_1_142' title='bbox 555 1215 786 1266; x_wconf 75' lang='lat' dir='ltr'>numquam]</span> <span class='ocrx_word' id='word_1_143' title='bbox 816 1216 1099 1254; x_wconf 88' lang='lat' dir='ltr'>commendatio</span> <span class='ocrx_word' id='word_1_144' title='bbox 1126 1216 1173 1255; x_wconf 85' lang='lat' dir='ltr'>ab</span> <span class='ocrx_word' id='word_1_145' title='bbox 1199 1218 1295 1255; x_wconf 87' lang='lat' dir='ltr'>actis</span> <span class='ocrx_word' id='word_1_146' title='bbox 1322 1222 1421 1255; x_wconf 88' lang='lat' dir='ltr'>ante.</span> <span class='ocrx_word' id='word_1_147' title='bbox 1458 1218 1501 1254; x_wconf 91' lang='lat' dir='ltr'>E.</span> 
     </span>
     <span class='ocr_line' id='line_1_20' title="bbox 251 1273 1502 1326; baseline 0.001 -14"><span class='ocrx_word' id='word_1_148' title='bbox 251 1297 305 1301; x_wconf 88' lang='lat'>-—</span> <span class='ocrx_word' id='word_1_149' title='bbox 326 1274 354 1326; x_wconf 92' lang='grc' dir='ltr'>Ι,</span> <span class='ocrx_word' id='word_1_150' title='bbox 376 1273 412 1326; x_wconf 89' lang='grc'>1,</span> <span class='ocrx_word' id='word_1_151' title='bbox 433 1273 458 1314; x_wconf 89' lang='grc'>6</span> <span class='ocrx_word' id='word_1_152' title='bbox 480 1274 556 1324; x_wconf 82' lang='lat' dir='ltr'>em]</span> <span class='ocrx_word' id='word_1_153' title='bbox 584 1276 763 1313; x_wconf 87' lang='lat' dir='ltr'>mirantis</span> <span class='ocrx_word' id='word_1_154' title='bbox 781 1274 840 1312; x_wconf 80' lang='lat' dir='ltr'>vel</span> <span class='ocrx_word' id='word_1_155' title='bbox 869 1274 1096 1313; x_wconf 80' lang='lat' dir='ltr'>adverbium</span> <span class='ocrx_word' id='word_1_156' title='bbox 1116 1275 1429 1314; x_wconf 84' lang='lat' dir='ltr'>demonstrantis.</span> <span class='ocrx_word' id='word_1_157' title='bbox 1457 1276 1502 1313; x_wconf 86' lang='lat' dir='ltr'>E.</span> 
     </span>
    </p>

    <p class='ocr_par' dir='ltr' id='par_1_12' title="bbox 90 1332 1504 1430">
     <span class='ocr_line' id='line_1_21' title="bbox 90 1332 1504 1385; baseline -0.001 -12"><span class='ocrx_word' id='word_1_158' title='bbox 90 1341 135 1373; x_wconf 79' lang='lat'>‘20</span> <span class='ocrx_word' id='word_1_159' title='bbox 250 1356 304 1359; x_wconf 97' lang='lat'><strong>—</strong></span> <span class='ocrx_word' id='word_1_160' title='bbox 326 1355 380 1359; x_wconf 86' lang='lat'><strong>—</strong></span> <span class='ocrx_word' id='word_1_161' title='bbox 402 1332 517 1383; x_wconf 69' lang='lat' dir='ltr'>erqo]</span> <span class='ocrx_word' id='word_1_162' title='bbox 546 1345 637 1383; x_wconf 84' lang='lat' dir='ltr'>ergo</span> <span class='ocrx_word' id='word_1_163' title='bbox 658 1334 839 1372; x_wconf 84' lang='lat' dir='ltr'>affectum</span> <span class='ocrx_word' id='word_1_164' title='bbox 865 1335 1048 1384; x_wconf 76' lang='lat' dir='ltr'>exprimit</span> <span class='ocrx_word' id='word_1_165' title='bbox 1068 1333 1405 1385; x_wconf 80' lang='lat' dir='ltr'>reprehendentis,</span> <span class='ocrx_word' id='word_1_166' title='bbox 1427 1333 1504 1372; x_wconf 86' lang='lat' dir='ltr'>sihi</span> 
     </span>
     <span class='ocr_line' id='line_1_22' title="bbox 160 1392 713 1430; baseline -0.002 0"><span class='ocrx_word' id='word_1_167' title='bbox 160 1392 269 1430; x_wconf 86' lang='lat' dir='ltr'>tarde</span> <span class='ocrx_word' id='word_1_168' title='bbox 303 1393 624 1430; x_wconf 81' lang='lat' dir='ltr'>consentientem.</span> <span class='ocrx_word' id='word_1_169' title='bbox 670 1393 713 1430; x_wconf 87' lang='lat' dir='ltr'>E.</span> 
     </span>
    </p>

    <p class='ocr_par' dir='ltr' id='par_1_13' title="bbox 160 1449 1503 1619">
     <span class='ocr_line' id='line_1_23' title="bbox 250 1449 1502 1501; baseline 0.001 -13"><span class='ocrx_word' id='word_1_170' title='bbox 250 1472 304 1477; x_wconf 81' lang='lat'><em>-</em></span> <span class='ocrx_word' id='word_1_171' title='bbox 330 1450 358 1501; x_wconf 91' lang='grc' dir='ltr'>Ι,</span> <span class='ocrx_word' id='word_1_172' title='bbox 386 1449 422 1501; x_wconf 91' lang='grc'>1,</span> <span class='ocrx_word' id='word_1_173' title='bbox 450 1449 473 1489; x_wconf 84' lang='lat'><strong>7</strong></span> <span class='ocrx_word' id='word_1_174' title='bbox 507 1462 644 1490; x_wconf 81' lang='lat' dir='ltr'>moneo</span> <span class='ocrx_word' id='word_1_175' title='bbox 676 1455 715 1489; x_wconf 82' lang='lat' dir='ltr'>et</span> <span class='ocrx_word' id='word_1_176' title='bbox 744 1449 901 1500; x_wconf 79' lang='lat' dir='ltr'>hortor]</span> <span class='ocrx_word' id='word_1_177' title='bbox 934 1462 1139 1488; x_wconf 87' lang='lat' dir='ltr'>monemus</span> <span class='ocrx_word' id='word_1_178' title='bbox 1167 1450 1341 1501; x_wconf 80' lang='lat' dir='ltr'>consilio,</span> <span class='ocrx_word' id='word_1_179' title='bbox 1372 1451 1502 1489; x_wconf 82' lang='lat' dir='ltr'>horta-</span> 
     </span>
     <span class='ocr_line' id='line_1_24' title="bbox 160 1508 553 1559; baseline -0.003 -12"><span class='ocrx_word' id='word_1_180' title='bbox 160 1521 249 1547; x_wconf 85' lang='lat' dir='ltr'>mur</span> <span class='ocrx_word' id='word_1_181' title='bbox 281 1508 462 1559; x_wconf 83' lang='lat' dir='ltr'>impulsu.</span> <span class='ocrx_word' id='word_1_182' title='bbox 508 1510 553 1547; x_wconf 89' lang='lat' dir='ltr'>E.</span> 
     </span>
     <span class='ocr_line' id='line_1_25' title="bbox 249 1564 1503 1619; baseline 0 -13"><span class='ocrx_word' id='word_1_183' title='bbox 249 1589 303 1594; x_wconf 86' lang='lat'>—-</span> <span class='ocrx_word' id='word_1_184' title='bbox 330 1567 358 1618; x_wconf 90' lang='grc' dir='ltr'><strong>Ι,</strong></span> <span class='ocrx_word' id='word_1_185' title='bbox 386 1566 422 1618; x_wconf 92' lang='grc'>1,</span> <span class='ocrx_word' id='word_1_186' title='bbox 450 1564 505 1606; x_wconf 80' lang='lat'>15</span> <span class='ocrx_word' id='word_1_187' title='bbox 536 1566 746 1616; x_wconf 80' lang='lat' dir='ltr'>iniurium]</span> <span class='ocrx_word' id='word_1_188' title='bbox 780 1567 1036 1619; x_wconf 78' lang='lat' dir='ltr'>indignantis,</span> <span class='ocrx_word' id='word_1_189' title='bbox 1074 1567 1187 1605; x_wconf 88' lang='lat' dir='ltr'>modo</span> <span class='ocrx_word' id='word_1_190' title='bbox 1220 1568 1299 1605; x_wconf 69' lang='lat' dir='ltr'>vim</span> <span class='ocrx_word' id='word_1_191' title='bbox 1330 1564 1503 1606; x_wconf 77' lang='lat' dir='ltr'>adverbii</span> 
     </span>
    </p>

    <p class='ocr_par' dir='ltr' id='par_1_14' title="bbox 89 1625 372 1665">
     <span class='ocr_line' id='line_1_26' title="bbox 89 1625 372 1665; baseline -0.004 0"><span class='ocrx_word' id='word_1_192' title='bbox 89 1634 133 1665; x_wconf 79' lang='lat'>25</span> <span class='ocrx_word' id='word_1_193' title='bbox 159 1625 286 1664; x_wconf 87' lang='lat' dir='ltr'>habet.</span> <span class='ocrx_word' id='word_1_194' title='bbox 327 1627 372 1664; x_wconf 89' lang='lat' dir='ltr'>E.</span> 
     </span>
    </p>

    <p class='ocr_par' dir='ltr' id='par_1_15' title="bbox 160 1681 1500 1794">
     <span class='ocr_line' id='line_1_27' title="bbox 249 1681 1500 1736; baseline -0.001 -14"><span class='ocrx_word' id='word_1_195' title='bbox 249 1707 303 1711; x_wconf 87' lang='lat'>—</span> <span class='ocrx_word' id='word_1_196' title='bbox 329 1684 357 1736; x_wconf 88' lang='grc' dir='ltr'><strong>Ι,</strong></span> <span class='ocrx_word' id='word_1_197' title='bbox 384 1683 422 1735; x_wconf 90' lang='grc'><strong>2,</strong></span> <span class='ocrx_word' id='word_1_198' title='bbox 447 1681 503 1724; x_wconf 83' lang='grc'>48</span> <span class='ocrx_word' id='word_1_199' title='bbox 546 1683 733 1733; x_wconf 78' lang='lat' dir='ltr'>denique]</span> <span class='ocrx_word' id='word_1_200' title='bbox 779 1684 946 1734; x_wconf 87' lang='lat' dir='ltr'>denique</span> <span class='ocrx_word' id='word_1_201' title='bbox 988 1683 1272 1734; x_wconf 83' lang='lat' dir='ltr'>longitudinem</span> <span class='ocrx_word' id='word_1_202' title='bbox 1312 1685 1500 1734; x_wconf 87' lang='lat' dir='ltr'>temporis</span> 
     </span>
     <span class='ocr_line' id='line_1_28' title="bbox 160 1744 453 1794; baseline 0 -13"><span class='ocrx_word' id='word_1_203' title='bbox 160 1744 362 1794; x_wconf 86' lang='lat' dir='ltr'>significat.</span> <span class='ocrx_word' id='word_1_204' title='bbox 408 1744 453 1781; x_wconf 90' lang='lat' dir='ltr'>E.</span> 
     </span>
    </p>

    <p class='ocr_par' dir='ltr' id='par_1_16' title="bbox 159 1799 1500 1915">
     <span class='ocr_line' id='line_1_29' title="bbox 249 1799 1500 1851; baseline -0.002 -11"><span class='ocrx_word' id='word_1_205' title='bbox 249 1824 303 1828; x_wconf 92' lang='lat'><strong>—</strong></span> <span class='ocrx_word' id='word_1_206' title='bbox 332 1823 385 1827; x_wconf 91' lang='lat'><strong>—</strong></span> <span class='ocrx_word' id='word_1_207' title='bbox 414 1799 565 1849; x_wconf 79' lang='lat' dir='ltr'>effecit]</span> <span class='ocrx_word' id='word_1_208' title='bbox 599 1800 808 1851; x_wconf 77' lang='lat' dir='ltr'>efficimus,</span> <span class='ocrx_word' id='word_1_209' title='bbox 842 1800 943 1850; x_wconf 84' lang='lat' dir='ltr'>quod</span> <span class='ocrx_word' id='word_1_210' title='bbox 977 1812 1065 1839; x_wconf 89' lang='lat' dir='ltr'>cum</span> <span class='ocrx_word' id='word_1_211' title='bbox 1096 1811 1234 1850; x_wconf 80' lang='lat' dir='ltr'>magno</span> <span class='ocrx_word' id='word_1_212' title='bbox 1268 1805 1408 1838; x_wconf 86' lang='lat' dir='ltr'>conatu</span> <span class='ocrx_word' id='word_1_213' title='bbox 1439 1802 1500 1838; x_wconf 79' lang='lat' dir='ltr'>vix</span> 
     </span>
     <span class='ocr_line' id='line_1_30' title="bbox 159 1859 756 1915; baseline -0.005 -16"><span class='ocrx_word' id='word_1_214' title='bbox 159 1872 230 1915; x_wconf 86' lang='lat' dir='ltr'>per</span> <span class='ocrx_word' id='word_1_215' title='bbox 261 1864 341 1898; x_wconf 85' lang='lat' dir='ltr'>nos</span> <span class='ocrx_word' id='word_1_216' title='bbox 366 1860 507 1909; x_wconf 84' lang='lat' dir='ltr'>accipit</span> <span class='ocrx_word' id='word_1_217' title='bbox 537 1859 666 1897; x_wconf 89' lang='lat' dir='ltr'>finem.</span> <span class='ocrx_word' id='word_1_218' title='bbox 712 1860 756 1897; x_wconf 91' lang='lat' dir='ltr'>E.</span> 
     </span>
    </p>

    <p class='ocr_par' dir='ltr' id='par_1_17' title="bbox 87 1916 1310 1971">
     <span class='ocr_line' id='line_1_31' title="bbox 87 1916 1310 1971; baseline -0.003 -13"><span class='ocrx_word' id='word_1_219' title='bbox 87 1926 134 1958; x_wconf 84' lang='lat'>30</span> <span class='ocrx_word' id='word_1_220' title='bbox 249 1941 304 1945; x_wconf 93' lang='lat'>-—</span> <span class='ocrx_word' id='word_1_221' title='bbox 330 1918 358 1971; x_wconf 92' lang='grc' dir='ltr'><strong>Ι,</strong></span> <span class='ocrx_word' id='word_1_222' title='bbox 385 1916 423 1970; x_wconf 94' lang='grc'><strong>2,</strong></span> <span class='ocrx_word' id='word_1_223' title='bbox 448 1916 504 1958; x_wconf 82' lang='grc'>56</span> <span class='ocrx_word' id='word_1_224' title='bbox 535 1916 705 1967; x_wconf 82' lang='lat' dir='ltr'>mecum]</span> <span class='ocrx_word' id='word_1_225' title='bbox 739 1921 1011 1967; x_wconf 84' lang='lat' dir='ltr'>argumentum</span> <span class='ocrx_word' id='word_1_226' title='bbox 1043 1928 1063 1954; x_wconf 88' lang='lat' dir='ltr'>a</span> <span class='ocrx_word' id='word_1_227' title='bbox 1095 1916 1221 1954; x_wconf 87' lang='lat' dir='ltr'>dictis.</span> <span class='ocrx_word' id='word_1_228' title='bbox 1266 1917 1310 1954; x_wconf 87' lang='lat' dir='ltr'>E.</span> 
     </span>
    </p>

    <p class='ocr_par' dir='ltr' id='par_1_18' title="bbox 160 1974 1501 2086">
     <span class='ocr_line' id='line_1_32' title="bbox 248 1974 1501 2029; baseline 0 -14"><span class='ocrx_word' id='word_1_229' title='bbox 248 1999 302 2004; x_wconf 80' lang='lat'>—</span> <span class='ocrx_word' id='word_1_230' title='bbox 328 1977 357 2029; x_wconf 92' lang='grc' dir='ltr'><strong>Ι,</strong></span> <span class='ocrx_word' id='word_1_231' title='bbox 384 1975 421 2028; x_wconf 93' lang='grc'><strong>2,</strong></span> <span class='ocrx_word' id='word_1_232' title='bbox 448 1974 502 2015; x_wconf 81' lang='lat'>58</span> <span class='ocrx_word' id='word_1_233' title='bbox 536 1975 753 2025; x_wconf 80' lang='lat' dir='ltr'>Parmeno]</span> <span class='ocrx_word' id='word_1_234' title='bbox 774 1975 975 2014; x_wconf 90' lang='lat' dir='ltr'>moraliter</span> <span class='ocrx_word' id='word_1_235' title='bbox 994 1986 1137 2013; x_wconf 90' lang='lat' dir='ltr'>nomen</span> <span class='ocrx_word' id='word_1_236' title='bbox 1156 1976 1299 2026; x_wconf 86' lang='lat' dir='ltr'>repetit</span> <span class='ocrx_word' id='word_1_237' title='bbox 1324 1980 1362 2014; x_wconf 91' lang='lat' dir='ltr'>et</span> <span class='ocrx_word' id='word_1_238' title='bbox 1382 1977 1501 2026; x_wconf 85' lang='lat' dir='ltr'>signi-</span> 
     </span>
     <span class='ocr_line' id='line_1_33' title="bbox 160 2033 1499 2086; baseline -0.001 -12"><span class='ocrx_word' id='word_1_239' title='bbox 160 2036 322 2074; x_wconf 87' lang='lat' dir='ltr'>ficanter</span> <span class='ocrx_word' id='word_1_240' title='bbox 364 2040 402 2073; x_wconf 88' lang='lat' dir='ltr'>et</span> <span class='ocrx_word' id='word_1_241' title='bbox 443 2036 540 2073; x_wconf 88' lang='lat' dir='ltr'>mire</span> <span class='ocrx_word' id='word_1_242' title='bbox 583 2036 821 2086; x_wconf 86' lang='lat' dir='ltr'>interposuit</span> <span class='ocrx_word' id='word_1_243' title='bbox 856 2046 1016 2084; x_wconf 80' lang='lat' dir='ltr'>nomen,</span> <span class='ocrx_word' id='word_1_244' title='bbox 1054 2039 1096 2071; x_wconf 90' lang='lat' dir='ltr'>ut</span> <span class='ocrx_word' id='word_1_245' title='bbox 1135 2033 1316 2072; x_wconf 79' lang='lat' dir='ltr'>affectum</span> <span class='ocrx_word' id='word_1_246' title='bbox 1354 2034 1499 2073; x_wconf 85' lang='lat' dir='ltr'>doloris</span> 
     </span>
    </p>
   </div>
   <div class='ocr_carea' id='block_1_3' title="bbox 162 2094 1500 2204">
    <p class='ocr_par' dir='ltr' id='par_1_19' title="bbox 162 2094 1500 2204">
     <span class='ocr_line' id='line_1_34' title="bbox 162 2094 487 2133; baseline -0.006 0"><span class='ocrx_word' id='word_1_247' title='bbox 162 2094 397 2133; x_wconf 87' lang='lat' dir='ltr'>ostenderet.</span> <span class='ocrx_word' id='word_1_248' title='bbox 443 2094 487 2131; x_wconf 89' lang='lat' dir='ltr'>E.</span> 
     </span>
     <span class='ocr_line' id='line_1_35' title="bbox 250 2150 1500 2204; baseline -0.001 -14"><span class='ocrx_word' id='word_1_249' title='bbox 250 2175 304 2179; x_wconf 87' lang='lat'>——</span> <span class='ocrx_word' id='word_1_250' title='bbox 324 2153 352 2204; x_wconf 89' lang='grc' dir='ltr'><strong>Ι,</strong></span> <span class='ocrx_word' id='word_1_251' title='bbox 373 2151 410 2203; x_wconf 90' lang='grc'><strong>2,</strong></span> <span class='ocrx_word' id='word_1_252' title='bbox 431 2150 484 2192; x_wconf 85' lang='grc'>61</span> <span class='ocrx_word' id='word_1_253' title='bbox 514 2151 600 2201; x_wconf 79' lang='lat' dir='ltr'>illa]</span> <span class='ocrx_word' id='word_1_254' title='bbox 628 2151 703 2203; x_wconf 80' lang='lat' dir='ltr'>illa,</span> <span class='ocrx_word' id='word_1_255' title='bbox 736 2152 847 2203; x_wconf 88' lang='lat' dir='ltr'>quasi</span> <span class='ocrx_word' id='word_1_256' title='bbox 874 2151 992 2189; x_wconf 89' lang='lat' dir='ltr'>dicat:</span> <span class='ocrx_word' id='word_1_257' title='bbox 1024 2150 1138 2201; x_wconf 86' lang='lat' dir='ltr'>plena</span> <span class='ocrx_word' id='word_1_258' title='bbox 1164 2150 1361 2203; x_wconf 82' lang='lat' dir='ltr'>desiderii,</span> <span class='ocrx_word' id='word_1_259' title='bbox 1385 2151 1500 2202; x_wconf 85' lang='lat' dir='ltr'>plena</span> 
     </span>
    </p>
   </div>
   <div class='ocr_carea' id='block_1_4' title="bbox 159 2239 376 2244">
    <p class='ocr_par' dir='ltr' id='par_1_20' title="bbox 159 2239 376 2244">
     <span class='ocr_line' id='line_1_36' title="bbox 159 2239 376 2244; baseline 0 0"><span class='ocrx_word' id='word_1_260' title='bbox 159 2239 376 2244; x_wconf 95' lang='lat' dir='ltr'> </span> 
     </span>
    </p>
   </div>
   <div class='ocr_carea' id='block_1_5' title="bbox 158 2287 1499 2379">
    <p class='ocr_par' dir='ltr' id='par_1_21' title="bbox 158 2287 1499 2379">
     <span class='ocr_line' id='line_1_37' title="bbox 254 2287 1499 2333; baseline 0 -12"><span class='ocrx_word' id='word_1_261' title='bbox 254 2291 273 2321; x_wconf 83' lang='lat'>5</span> <span class='ocrx_word' id='word_1_262' title='bbox 312 2298 378 2323; x_wconf 83' lang='lat' dir='ltr'>om.</span> <span class='ocrx_word' id='word_1_263' title='bbox 429 2288 546 2333; x_wconf 70' lang='lat' dir='ltr'>Umpf.</span> <span class='ocrx_word' id='word_1_264' title='bbox 716 2290 760 2321; x_wconf 80' lang='lat'>24</span> <span class='ocrx_word' id='word_1_265' title='bbox 806 2288 890 2322; x_wconf 73' lang='lat' dir='ltr'>inde</span> <span class='ocrx_word' id='word_1_266' title='bbox 934 2287 978 2322; x_wconf 84' lang='lat' dir='ltr'>ab</span> <span class='ocrx_word' id='word_1_267' title='bbox 1014 2287 1078 2322; x_wconf 77' lang='lat' dir='ltr'>hoc</span> <span class='ocrx_word' id='word_1_268' title='bbox 1120 2287 1224 2322; x_wconf 79' lang='lat' dir='ltr'>schol.</span> <span class='ocrx_word' id='word_1_269' title='bbox 1268 2287 1390 2321; x_wconf 75' lang='lat' dir='ltr'>omnia</span> <span class='ocrx_word' id='word_1_270' title='bbox 1431 2297 1499 2330; x_wconf 77' lang='lat' dir='ltr'>seq.</span> 
     </span>
     <span class='ocr_line' id='line_1_38' title="bbox 158 2335 376 2379; baseline -0.009 -9"><span class='ocrx_word' id='word_1_271' title='bbox 158 2345 225 2370; x_wconf 81' lang='lat' dir='ltr'>om.</span> <span class='ocrx_word' id='word_1_272' title='bbox 258 2335 376 2379; x_wconf 73' lang='lat' dir='ltr'>Umpf.</span> 
     </span>
    </p>
   </div>
  </div>
 </body>
</html>
