1681 2576
240 80 322 122 138
650 79 942 115 Commentarius
970 79 1166 124 antiquior.

238 191 364 242 iuves]
397 204 468 243 pro
496 192 626 230 adiuta
653 193 700 231 D.
757 204 806 230 ac
833 191 896 241 re]
931 193 1031 229 sicut
1063 192 1102 229 in
1135 204 1176 230 re
1209 193 1304 243 ipsa,
1337 192 1373 230 id
1402 198 1461 231 est
1490 193 1580 232 sul)-

238 253 389 289 stantia.
440 252 529 289 DE.
572 249 623 289 ·7
657 249 808 300 statim]
854 250 1008 302 leviter,
1053 249 1174 288 facile.
1243 253 1343 299 quid
1377 252 1577 302 praestat]

238 315 425 360 quantum
462 309 673 360 praecellit.
737 307 762 347 9
794 309 965 359 scilicet]
1005 309 1170 348 multum
1203 315 1295 348 erat.
1361 308 1415 348 10
1451 323 1581 359 parce
1635 312 1642 317 ⁴

236 368 368 418 sodes]
408 370 538 407 minus
577 368 756 419 loquere,
795 371 879 407 eius
917 370 1105 419 impetum
1144 370 1367 419 compescit.
1434 366 1489 407 14
1520 370 1579 420 ei]

189 437 210 466 5
237 429 458 466 interiectio
499 426 677 466 dolentis.
742 424 795 466 15
827 427 951 477 hanc]
994 427 1278 466 Nausistratam
1316 428 1496 467 ducimus
1534 429 1580 467 ad

237 488 362 537 ipsam
388 488 434 525 D.
494 484 546 525 17
575 492 743 535 uterque
774 488 936 534 utrique
968 493 1026 526 est
1056 486 1194 537 cordi]
1229 488 1396 526 invicem
1426 499 1466 525 se
1495 487 1580 526 dili-

237 550 343 595 gunt.
403 543 456 584 19
489 547 582 584 redi
612 557 764 584 mecum
797 547 837 584 iu
870 545 1117 596 memoriam]
1152 546 1245 597 quid
1271 551 1400 586 tecum
1427 546 1579 585 locutus
1625 557 1633 567 ·

238 606 312 642 sim
345 604 391 643 de
425 604 498 643 alia
530 617 662 643 uxore.
724 602 778 643 38
813 606 882 643 illa
911 606 999 650 filia
1032 607 1154 644 amici
1183 605 1334 655 nostri]
1368 605 1406 643 id
1440 611 1500 644 est
1532 606 1578 643 de

237 668 314 715 tua,
335 676 433 714 quae
454 665 559 702 venit
584 664 630 701 de
650 662 810 714 Lemno,
831 675 946 714 quam
966 663 1134 715 volebas7
1154 669 1197 702 ut
1217 664 1380 703 duceret
1399 665 1578 716 Antipho.

167 731 212 762 10
237 722 310 761 hoc
342 728 504 774 propter
536 722 820 761 Nausistratam
853 721 924 784 sub
957 734 1125 773 persona
1157 724 1271 762 amici
1303 724 1410 762 dixit.
1458 725 1538 763 CE.

855 851 896 903 l,
922 849 961 890 4.

326 922 676 973 Congratulabatur
701 923 869 974 Antipho
896 922 1121 974 Phaedriae,
1153 923 1256 973 quod
1283 924 1447 962 amicam
1472 923 1580 962 habi-

236 988 349 1021 turus
387 987 508 1033 esset,
550 983 735 1031 ignorans
773 982 898 1020 adhuc
937 994 1094 1020 eausam
1133 994 1252 1020 suam.
1320 981 1342 1020 1
1377 983 1580 1033 optiqisse]

236 1041 297 1079 vel
317 1043 505 1080 evenisse.
552 1040 577 1079 2
598 1041 758 1091 scitum]
788 1040 954 1092 salubre,
975 1041 1142 1079 doctum.
1191 1044 1232 1080 in
1253 1044 1383 1080 animo
1405 1042 1579 1092 parare]

166 1108 210 1138 15
237 1101 435 1139 inducere.
498 1098 526 1138 4
559 1099 777 1149 expedivit]
816 1100 1005 1138 liberavit.
1074 1098 1101 1139 5
1134 1100 1280 1150 turbis]
1319 1100 1580 1151 perturbatio-

237 1160 364 1198 nibus
430 1158 452 1198 7
487 1158 658 1209 ostenta]
692 1172 763 1210 pro
797 1164 966 1210 ostensa,
999 1164 1201 1197 ostentata.

856 1289 897 1341 V,
924 1287 961 1328 5.

326 1361 509 1399 Phormio
549 1373 681 1399 secum
720 1361 902 1411 loquitur.
972 1358 1001 1398 4
1036 1362 1092 1399 ad
1126 1360 1363 1410 potandum]
1407 1361 1452 1399 ad
1491 1373 1581 1400 con-

237 1420 445 1459 vivandum
479 1432 567 1458 cum
592 1419 793 1458 Phaedria.
843 1419 1013 1469 sumam]
1048 1421 1087 1457 in
1118 1431 1249 1458 meum
1276 1421 1408 1458 otium.
1460 1418 1487 1459 5
1512 1423 1586 1459 sed

163 1486 212 1517 20
241 1478 444 1529 Phormio]
473 1479 519 1517 ad
547 1481 750 1530 superiora
776 1480 949 1530 respicit,
977 1478 1043 1517 ubi
1064 1478 1175 1517 dicit:
1201 1478 1359 1517 ubinam
1386 1480 1582 1518 inveniam

238 1537 384 1577 Getam.
425 1537 476 1576 11
501 1538 718 1588 conficere]
741 1538 962 1589 expendere
981 1539 1016 1576 J)
1030 1539 1060 1576 C
1067 1539 1110 1576 E.
1144 1537 1256 1593 aliter
1276 1529 1514 1577 confundere
1535 1540 1579 1577 D.

857 1668 898 1719 ἲ,
924 1667 961 1707 6.
1296 1718 1299 1721 ¹

329 1737 350 1776 1
378 1738 494 1788 Geta]
530 1751 674 1777 secum.
726 1740 827 1778 Fors
848 1738 1047 1789 Fortuna]
1082 1738 1174 1777 felix
1200 1743 1363 1777 eventus
1390 1738 1581 1777 fortunae.

238 1797 599 1847 commoditatibus]
616 1797 862 1836 utilitatibus.
891 1796 915 1835 2
932 1797 1146 1847 onerastis]
1166 1797 1405 1836 cumulastis.
1432 1795 1461 1835 4
1474 1810 1581 1837 ume-

163 1863 211 1895 25
238 1868 328 1895 rum
359 1858 466 1896 hunc
498 1856 638 1906 onero]
673 1858 870 1907 accipiens
902 1856 1073 1907 pallium.
1131 1855 1156 1895 9
1188 1856 1342 1906 peryit]
1377 1868 1511 1895 secum
1543 1862 1582 1895 et

237 1915 284 1953 ad
312 1928 353 1954 se
379 1915 564 1966 loquitur.
612 1918 703 1955 odio
730 1914 813 1965 tuo]
842 1921 907 1954 tua
933 1916 1073 1954 infesta
1099 1915 1385 1954 inclamatione.
1434 1913 1488 1955 10
1515 1928 1580 1955 υα-

231 1974 350 2024 puta]
378 1974 580 2026 vapulab07
613 1976 645 2012 si
671 1986 898 2013 remansero
923 1975 1062 2026 CEM,
1101 1976 1134 2013 si
1160 1987 1221 2013 me
1249 1974 1415 2026 amplius
1442 1975 1582 2013 clama-

237 2035 341 2072 veris
374 2035 429 2079 E,·
467 2033 527 2071 vel
560 2033 758 2085 vapulabis
796 2035 827 2072 C
849 2046 896 2072 m.
923 2046 1004 2073 rec.
1069 2032 1121 2072 12
1155 2033 1351 2083 actutum]
1384 2033 1580 2072 velociter.

240 2090 295 2131 14
319 2095 405 2131 sine
431 2092 724 2142 controversia]
754 2094 836 2131 sine
864 2093 1097 2131 adversitate
1125 2094 1214 2131 DE.
1265 2090 1318 2132 16
1346 2092 1578 2142 delibutum]

168 2160 213 2191 30
239 2151 444 2203 repletum⁷
464 2151 677 2202 perfusum.
718 2150 772 2190 22
795 2155 834 2191 in
852 2151 1121 2202 yynaeceum]
1144 2151 1190 2190 ad
1210 2151 1339 2190 locum
1358 2151 1579 2190 mulierum.

239 2210 372 2260 Mida]
397 2212 601 2261 proprium
620 2222 764 2249 nomen
785 2212 897 2249 servi.
949 2209 1004 2250 23
1026 2210 1250 2261 resupinat]
1273 2210 1439 2249 reflectit
1459 2210 1505 2249 ad
1526 2224 1579 2248 se.

335 2328 377 2358 13
403 2323 594 2370 ignorans]
621 2335 756 2359 uorans
783 2324 831 2359 D.
