1681 2576
269 636 327 699 B.
361 635 638 700 Alterum
671 635 1038 700 scholiorum
1069 655 1267 715 genus

437 792 804 854 (Commentarius
843 793 1103 855 antiquior.)

680 925 818 962 Andr.
994 892 1144 941 ἤρα(
1161 889 1279 929 Aa&
1294 881 1454 928 §emd-
1472 867 1598 946 ἕως
1616 931 1622 935 ,

807 934 860 962 la‘
1071 959 1139 994 id
1219 949 1250 986 [ἴε
1263 935 1652 998 ,Ξ-άαῦὢόῆῧκῦἶθάέί4

638 1015 787 1053 Ρ1·010
800 1027 898 1066 gus.

190 1090 212 1131 1
241 1091 380 1142 poeta]
413 1091 588 1142 loquitur
620 1092 665 1130 de
700 1104 742 1130 se
769 1092 978 1131 Terentius
1009 1093 1119 1142 quasi
1152 1091 1199 1130 de
1232 1091 1319 1144 alio,
1351 1093 1440 1143 quia
1490 1101 1510 1132 5

100 1149 290 1190 debuerat
309 1150 458 1189 dicere:
491 1162 561 1201 ego
583 1162 671 1189 cum
697 1151 868 1201 primum
895 1149 1085 1201 applicavi
1105 1151 1278 1189 animum
1298 1162 1440 1189 meum.

100 1221 190 1248 cum
221 1209 318 1248 dicit
349 1205 507 1261 ‘poeta’,
539 1209 708 1247 ostendit
742 1221 783 1246 se
815 1211 977 1247 metrica
1003 1215 1084 1247 arte
1111 1209 1184 1247 hoc
1212 1221 1309 1260 opus
1337 1222 1440 1248 com-

101 1269 291 1319 posuisse.
348 1267 444 1306 illud
483 1269 599 1306 etiam
629 1267 856 1306 Priscianus
887 1273 1071 1320 testatiu·‚
1109 1269 1176 1318 qui
1216 1267 1354 1306 scribit
1391 1268 1440 1306 de

101 1328 237 1366 metris
257 1326 515 1365 Terentianis.
555 1328 713 1377 scripsit
732 1331 862 1365 autem
882 1326 1089 1365 Terentius
1116 1326 1282 1366 iambico
1302 1332 1441 1379 metro,

99 1387 211 1424 cuius
253 1387 406 1436 species
438 1385 583 1424 multae
617 1391 717 1424 sunt.
758 1386 897 1424 DMC.
967 1385 1179 1436 Calliopius
1211 1385 1306 1424 dicit
1345 1385 1441 1424 haec
1469 1394 1513 1426 10

100 1444 243 1483 dictata
263 1443 438 1483 Terentii
466 1443 537 1482 sub
566 1456 734 1494 persona
762 1456 841 1482 sua.
880 1445 918 1482 C.
974 1441 998 1483 3
1031 1457 1132 1493 quas
1153 1444 1234 1493 fee-
1257 1444 1439 1494 fabulas]

99 1502 238 1541 modus
279 1502 487 1540 locutionis
530 1508 605 1540 est:
656 1508 699 1540 ut
742 1502 910 1554 placeat,
954 1514 1068 1553 quam
1110 1503 1185 1541 feci
1225 1502 1440 1553 epistolam.

98 1559 125 1600 5
157 1573 323 1611 operam
349 1560 548 1611 abutitur]
583 1561 620 1598 id
655 1566 713 1599 est
745 1562 948 1613 interimit,
979 1561 1114 1599 illicite
1143 1562 1271 1600 sumit.
1320 1560 1343 1601 7
1379 1574 1440 1600 re-

99 1622 196 1660 teris
223 1618 385 1669 poetae]
419 1621 649 1658 veteratoris
676 1632 717 1657 ac
745 1632 816 1671 per
841 1620 913 1658 hoc
941 1619 1185 1659 detractoris.
1243 1618 1267 1660 8
1301 1622 1440 1659 adten-

100 1677 199 1728 dite]
233 1677 444 1729 alloquitur
482 1690 573 1716 suos
609 1678 817 1716 auditores.
881 1677 933 1717 17
967 1678 1034 1728 ne]
1067 1679 1105 1717 id
1139 1684 1199 1717 est
1230 1678 1441 1729 plurimum
1470 1687 1512 1718 15

99 1735 158 1775 vel
191 1738 318 1776 etiam.
368 1738 407 1775 C.
471 1735 527 1776 20
558 1736 867 1787 neqleyentiam]
906 1749 985 1775 11011
1020 1749 1061 1775 10
1094 1749 1202 1789 vera,
1241 1737 1308 1775 sed
1340 1739 1442 1776 sicut

97 1794 154 1833 illi
180 1801 328 1846 putant.
383 1793 436 1834 21
472 1798 637 1835 istorum
663 1797 875 1835 obscuram
903 1795 1168 1846 diliyentiam]
1200 1795 1443 1834 aemulorum

99 1853 349 1893 tenebrosam
381 1856 659 1893 curiositatem.
712 1851 768 1893 24
799 1853 954 1904 adeste]
987 1856 1140 1908 intenti,
1173 1854 1253 1893 scil.
1278 1855 1442 1906 silendo,

100 1925 121 1950 o
164 1911 340 1952 Romani.
403 1914 442 1952 C.
520 1911 576 1953 25
619 1912 889 1964 pernoscatis]
935 1915 1142 1964 perspicue
1187 1915 1441 1963 cognoscatis.

101 1973 248 2020 ecquid
276 1970 384 2021 spei]
418 1973 458 2010 in
491 1971 576 2010 aliis
609 1971 834 2024 comoediis,
866 1972 905 2010 id
937 1978 995 2011 est
1029 1972 1179 2011 fabulis.
1469 1981 1514 2012 20

194 2122 215 2152 5
245 2118 349 2165 quia]
382 2118 446 2163 qui
471 2119 519 2154 D.
595 2123 615 2154 6
642 2120 846 2166 applicavi]
876 2120 1009 2155 adeam
1035 2120 1083 2155 D.
1159 2124 1179 2154 8
1206 2119 1350 2165 scribit]
1381 2119 1442 2154 de-

101 2164 231 2201 scribit
249 2166 298 2201 D.
350 2168 370 2199 9
390 2166 601 2212 Terentius]
630 2167 700 2202 iste
722 2167 776 2203 M.
832 2171 874 2202 10
898 2167 1018 2213 cuius]
1039 2177 1164 2202 omnes
1185 2166 1233 2202 1).
1286 2169 1328 2202 18
1349 2166 1442 2202 curi-

100 2211 291 2258 ositatem]
315 2213 581 2248 obscuritatem
602 2214 649 2249 D.
