1681 2576
159 462 161 465 .
168 435 189 466 ὃ

213 81 234 120 1
243 80 300 122 30
627 79 918 114 Commentarius
945 79 1141 124 antiquior.

218 193 366 229 furatus
393 202 530 229 essem.
584 188 635 229 17
665 192 721 229 tha·
740 189 1011 240 plurimumst]
1039 190 1094 228 ibi
1121 191 1347 241 saepissime
1368 196 1553 230 moratur.

216 248 269 288 19
304 249 471 299 expelli]
512 261 679 301 expone,
718 261 865 288 enarra.
934 247 988 287 23
1023 248 1240 298 Phanium]
1280 249 1552 301 apostropham

216 309 307 349 tacit
341 308 388 346 ad
425 319 588 346 uxorem
619 309 661 346 G.
724 308 950 358 distrahar]
991 320 1159 358 separer.
1222 305 1278 346 24
1310 308 1552 359 expetenda]

217 367 394 418 optanda.
457 364 512 405 25
546 366 787 416 advtqtlare]
827 372 983 405 cautum
1015 380 1113 405 esse.
1177 365 1231 406 26
1265 366 1398 416 atqui]
1435 372 1553 406 certe.

216 432 260 465 ut
284 425 355 475 sis]
383 425 484 476 apud
510 431 559 463 te.
611 422 667 464 30
693 425 816 475 ilicet]
844 427 900 464 ire
927 425 1019 464 licet
1043 427 1174 476 CEG,
1206 425 1282 464 vel:
1316 427 1345 477 i,
1370 425 1471 464 licet.
1505 427 1552 464 D.

216 483 268 523 31
297 483 410 533 quin]
445 496 514 522 cur
539 496 628 522 non.
681 482 734 522 32
761 487 798 523 si
821 484 1033 534 adsimulo]
1068 485 1211 523 laetum
1236 497 1298 522 me
1325 486 1391 523 sic.
1449 497 1553 523 com-

215 542 403 581 masculat
435 543 613 581 frontem.
677 540 732 581 35
766 545 980 583 saevidicis
1012 543 1146 593 [lictis]
1189 556 1301 582 saeva
1333 543 1553 582 dicentibus

214 602 356 640 verbis.
415 601 602 651 protelet]
642 601 839 639 confodiat
872 602 932 640 vel
969 602 1168 640 distrahat.
1231 601 1285 641 38
1318 603 1417 650 quid
1446 602 1551 652 ayts]

216 660 429 712 incipiebat
443 661 588 711 fugere.
622 658 677 698 39
692 672 753 699 me
766 660 879 710 novi]
899 661 978 699 scil.
994 661 1175 700 timidum
1192 674 1289 699 esse.
1321 658 1377 699 42
1394 664 1555 710 plectar

147 732 189 762 10
211 719 408 770 pendens]
450 719 650 757 sustinebo
685 731 830 769 poenas
862 721 903 758 in
935 732 1061 758 cruce.
1122 717 1181 758 44
1207 720 1351 769 facere
1382 719 1553 770 oportet]

216 784 259 816 ut
279 779 398 816 fortes
421 780 553 816 simus
603 775 658 817 47
681 778 861 828 noxiam]
884 778 1047 829 culpam.
1097 776 1154 818 50
1172 777 1326 828 sedulo]
1351 780 1555 817 instanter.

216 836 271 876 52
298 836 642 886 subcenturiatus]
671 836 832 875 callidus
853 839 898 889 E,
926 837 1215 876 subinstructus
1242 837 1328 875 dolo
1349 837 1408 876 vel
1434 839 1554 876 simu-

157 913 162 919 ·
216 896 317 934 latus
343 897 374 934 C
379 896 433 934 M.
481 896 579 934 duae
607 900 718 934 erant
738 898 938 935 centuriae
958 897 1059 947 apud
1080 898 1260 947 antiquos
1279 896 1556 948 Romanorum,

148 1025 189 1056 15

150 1943 197 1974 30

216 956 340 993 maior
371 954 537 993 habebat
563 959 720 993 centum
747 957 992 994 centenarios
1020 960 1057 993 et
1082 955 1187 993 mille
1214 955 1395 1007 decanos,
1426 956 1557 992 minor

217 1026 307 1052 vero
346 1014 481 1051 decem
514 1015 760 1052 centenarios
793 1019 831 1052 et
862 1019 1019 1053 centum
1051 1014 1230 1054 decanos.
1292 1014 1386 1052 haec
1423 1015 1555 1064 itaque

216 1074 257 1111 in
283 1073 436 1111 insidiis
464 1085 619 1123 semper
644 1072 873 1125 ponebatur,
906 1078 949 1111 ut
975 1075 1008 1111 si
1040 1074 1163 1111 maior
1189 1073 1385 1124 deficeret,
1416 1072 1462 1110 ab
1490 1072 1555 1110 illa

216 1133 432 1183 iuvaretur⁷
469 1131 572 1170 unde
599 1136 637 1169 et
663 1131 979 1180 subcenturiatus
1006 1132 1150 1170 dicitur
1175 1131 1345 1183 dolosus,
1381 1131 1555 1182 callidus,

218 1193 257 1228 in
296 1190 451 1228 insidiis
487 1196 741 1242 praeparatus
773 1192 907 1229 DGE.
941 1213 994 1217 —
1036 1192 1316 1229 succenturiati
1351 1195 1441 1228 sunt
1476 1202 1556 1228 non

219 1251 286 1300 qui
309 1251 349 1287 in
374 1251 512 1302 prima,
539 1249 606 1287 sed
629 1251 695 1300 qui
722 1251 761 1288 in
788 1250 957 1288 secunda
985 1251 1160 1288 centuria
1186 1251 1418 1301 consistunt,
1444 1249 1558 1300 quasi

220 1308 290 1347 sub
317 1310 441 1359 prima
469 1309 645 1346 centuria
672 1310 883 1347 constituti.
942 1313 1033 1347 sunt
1059 1314 1188 1347 autem
1220 1312 1258 1346 et
1289 1310 1365 1358 ipsi
1396 1309 1437 1345 in
1470 1319 1557 1358 spe-

219 1367 318 1406 culis
351 1369 488 1405 armati
519 1368 654 1419 positi,
695 1372 738 1406 ut
771 1369 802 1405 si
839 1369 965 1418 prima
997 1368 1203 1419 defecerit,
1244 1368 1310 1405 isti
1345 1366 1555 1404 laborando

217 1427 356 1477 primis
390 1425 632 1464 subveniant.
694 1427 797 1465 unde
831 1432 868 1464 et
900 1427 946 1464 ad
979 1426 1242 1464 insidiandum
1280 1427 1438 1476 ponitur
1470 1437 1556 1463 suc-

218 1486 472 1538 centuriatus,
493 1486 604 1535 quasi
621 1487 740 1523 armis
758 1485 845 1523 dolo
867 1485 1168 1524 subinstructus.
1210 1486 1407 1523 centurias
1428 1489 1558 1538 autem

219 1545 386 1582 dicimus
427 1548 558 1594 partes
598 1546 794 1583 exercitus
833 1546 874 1582 in
912 1549 1098 1583 centenos
1136 1543 1280 1582 milites
1317 1542 1558 1581 distributas.

174 1614 187 1621 ’
219 1604 286 1653 qui
318 1603 378 1641 his
409 1608 608 1654 praesunt,
641 1605 891 1642 centuriones
923 1594 1116 1641 dicuntur.
1153 1603 1240 1641 ΒΜ
1262 1599 1340 1654 [cf.
1367 1603 1462 1641 Ista.
1484 1601 1558 1650 IX,

218 1663 258 1714 3,
284 1661 352 1701 49.
386 1659 478 1713 48].

777 1795 784 1803 ¹
834 1728 880 1796 11,v
907 1743 945 1785 1.

307 1808 495 1865 Demipho
535 1826 717 1852 reversus
754 1813 986 1864 loquebatur
1025 1826 1158 1852 secum
1195 1813 1357 1852 audiens
1395 1812 1441 1850 de
1479 1812 1558 1850 filio

219 1873 451 1924 Antiphone.
493 1870 518 1910 2
544 1872 799 1923 simultatem]
827 1874 926 1911 iram
946 1874 1036 1925 DE,
1062 1874 1329 1910 austeritatem
1354 1873 1395 1910 G.
1436 1869 1465 1909 4
1491 1874 1561 1910 vix

224 1932 400 1981 tandem]
435 1931 605 1969 evadam.
656 1929 683 1970 5
710 1934 824 1970 atiud
853 1931 973 1981 cura]
1008 1933 1191 1983 ironicos,
1224 1943 1366 1987 secum.
1419 1927 1474 1969 10
1501 1932 1559 1968 in-

315 2037 345 2067 6.
375 2036 393 2066 7
421 2031 690 2067 commaculent
714 2032 764 2068 D.
837 2036 881 2067 14
906 2033 944 2067 et
968 2032 1071 2067 mille
1098 2054 1139 2058 ——
1168 2013 1397 2067 centenarios
1423 2042 1488 2066 om.
1509 2031 1560 2066 D.

223 2084 264 2114 17
297 2079 448 2126 dieitur]
484 2080 584 2124 quod
615 2078 752 2113 dicitur
786 2081 828 2115 G.
927 2084 971 2114 20
1003 2081 1089 2114 sunt
1126 2081 1250 2114 autem
1289 2100 1331 2104 —-
1365 2077 1480 2123 positi
1509 2078 1560 2121 D,

220 2138 380 2171 namque
409 2128 520 2161 ⁴erant
550 2126 589 2160 in
621 2126 783 2171 speculis
816 2127 952 2162 armati
977 2126 1170 2162 constituti
1195 2127 1255 2170 M,
1290 2127 1416 2160 tamen
1441 2123 1561 2160 stricti

178 2218 181 2221 Ι
221 2174 335 2210 etiam
360 2173 433 2219 ipsi
459 2175 496 2208 et
521 2173 560 2207 in
586 2173 745 2218 speculis
771 2174 884 2219 positi
909 2174 948 2208 in
972 2173 1073 2209 bello
1100 2174 1186 2208 sunt
1210 2174 1299 2208 Istat.
1371 2176 1413 2207 21
1440 2171 1561 2217 prima

220 2233 305 2266 pars
332 2221 505 2256 deficeret
529 2220 620 2265 ipsis
647 2221 700 2255 M.
751 2220 956 2256 laborando
981 2221 1109 2266 primis
1136 2232 1202 2256 om.
1223 2220 1277 2263 M,
1302 2218 1560 2254 laborantibus

220 2268 348 2313 primis
374 2269 464 2303 Isid.
562 2271 606 2302 23
633 2267 717 2302 dolo
753 2269 1023 2304 subinstructus
1049 2268 1156 2313 DM,
1195 2267 1333 2302 dolosis
1358 2266 1562 2301 instructus

219 2317 311 2351 [sid.
409 2319 453 2349 25
479 2314 537 2349 his
563 2315 612 2359 D,
640 2314 692 2348 eis
718 2316 772 2352 M,
