<?xml version="1.0" encoding="UTF-8"?>
<!DOCTYPE html PUBLIC "-//W3C//DTD XHTML 1.0 Transitional//EN"
    "http://www.w3.org/TR/xhtml1/DTD/xhtml1-transitional.dtd">
<html xmlns="http://www.w3.org/1999/xhtml" xml:lang="en" lang="en">
 <head>
  <title>
</title>
<meta http-equiv="Content-Type" content="text/html;charset=utf-8" />
  <meta name='ocr-system' content='tesseract 3.04.00' />
  <meta name='ocr-capabilities' content='ocr_page ocr_carea ocr_par ocr_line ocrx_word'/>
</head>
<body>
  <div class='ocr_page' id='page_1' title='image "./scholiaterentian00schluoft_0141.png"; bbox 0 0 1681 2576; ppageno 0'>
   <div class='ocr_carea' id='block_1_1' title="bbox 517 115 1390 160">
    <p class='ocr_par' dir='ltr' id='par_1_1' title="bbox 517 115 1390 160">
     <span class='ocr_line' id='line_1_1' title="bbox 517 115 1390 160; baseline -0.003 -8"><span class='ocrx_word' id='word_1_1' title='bbox 517 117 690 152; x_wconf 87' lang='lat' dir='ltr'>Phormio</span> <span class='ocrx_word' id='word_1_2' title='bbox 716 117 742 160; x_wconf 81' lang='grc' dir='ltr'>Ι,</span> <span class='ocrx_word' id='word_1_3' title='bbox 764 116 870 160; x_wconf 79' lang='lat'>2—1,</span> <span class='ocrx_word' id='word_1_4' title='bbox 893 120 924 151; x_wconf 73' lang='lat'>4.</span> <span class='ocrx_word' id='word_1_5' title='bbox 1309 115 1390 156; x_wconf 73' lang='grc'>129</span> 
     </span>
    </p>
   </div>
   <div class='ocr_carea' id='block_1_2' title="bbox 51 226 1469 929">
    <p class='ocr_par' dir='ltr' id='par_1_2' title="bbox 51 226 1469 929">
     <span class='ocr_line' id='line_1_2' title="bbox 55 226 1392 277; baseline -0.005 -6"><span class='ocrx_word' id='word_1_6' title='bbox 55 231 287 271; x_wconf 76' lang='lat' dir='ltr'><strong>facultatem.</strong></span> <span class='ocrx_word' id='word_1_7' title='bbox 333 227 389 269; x_wconf 81' lang='lat'>65</span> <span class='ocrx_word' id='word_1_8' title='bbox 413 231 524 268; x_wconf 75' lang='lat' dir='ltr'>bonis</span> <span class='ocrx_word' id='word_1_9' title='bbox 545 226 806 277; x_wconf 66' lang='lat' dir='ltr'>promultam]</span> <span class='ocrx_word' id='word_1_10' title='bbox 835 227 882 265; x_wconf 90' lang='lat' dir='ltr'>de</span> <span class='ocrx_word' id='word_1_11' title='bbox 909 226 1021 265; x_wconf 86' lang='lat' dir='ltr'>bonis</span> <span class='ocrx_word' id='word_1_12' title='bbox 1048 226 1277 277; x_wconf 88' lang='lat' dir='ltr'>parentibus</span> <span class='ocrx_word' id='word_1_13' title='bbox 1303 238 1392 277; x_wconf 89' lang='lat' dir='ltr'>pro-</span> 
     </span>
     <span class='ocr_line' id='line_1_3' title="bbox 54 284 1393 342; baseline -0.004 -13"><span class='ocrx_word' id='word_1_14' title='bbox 54 292 236 342; x_wconf 83' lang='lat' dir='ltr'>genitam.</span> <span class='ocrx_word' id='word_1_15' title='bbox 305 287 359 329; x_wconf 90' lang='lat'>66</span> <span class='ocrx_word' id='word_1_16' title='bbox 398 287 500 337; x_wconf 69' lang='lat' dir='ltr'>leqe]</span> <span class='ocrx_word' id='word_1_17' title='bbox 543 286 727 337; x_wconf 79' lang='lat' dir='ltr'><strong>legitime.</strong></span> <span class='ocrx_word' id='word_1_18' title='bbox 798 284 851 325; x_wconf 80' lang='grc'>73</span> <span class='ocrx_word' id='word_1_19' title='bbox 888 284 1108 335; x_wconf 74' lang='lat' dir='ltr'>confidens]</span> <span class='ocrx_word' id='word_1_20' title='bbox 1148 286 1393 336; x_wconf 77' lang='lat' dir='ltr'>temerarius,</span> 
     </span>
     <span class='ocr_line' id='line_1_4' title="bbox 51 342 1394 401; baseline -0.005 -12"><span class='ocrx_word' id='word_1_21' title='bbox 51 350 179 389; x_wconf 76' lang='lat' dir='ltr'>audax</span> <span class='ocrx_word' id='word_1_22' title='bbox 211 351 264 401; x_wconf 85' lang='lat' dir='ltr'>D,</span> <span class='ocrx_word' id='word_1_23' title='bbox 309 347 590 387; x_wconf 82' lang='lat' dir='ltr'>audacissimus</span> <span class='ocrx_word' id='word_1_24' title='bbox 628 345 762 383; x_wconf 84' lang='lat' dir='ltr'>CEM.</span> <span class='ocrx_word' id='word_1_25' title='bbox 823 342 876 384; x_wconf 75' lang='lat'>75</span> <span class='ocrx_word' id='word_1_26' title='bbox 909 348 975 384; x_wconf 69' lang='lat' dir='ltr'>lex</span> <span class='ocrx_word' id='word_1_27' title='bbox 1007 343 1080 394; x_wconf 84' lang='lat' dir='ltr'>est]</span> <span class='ocrx_word' id='word_1_28' title='bbox 1120 344 1237 383; x_wconf 77' lang='lat' dir='ltr'>verba</span> <span class='ocrx_word' id='word_1_29' title='bbox 1273 344 1394 382; x_wconf 80' lang='lat' dir='ltr'>Phor-</span> 
     </span>
     <span class='ocr_line' id='line_1_5' title="bbox 57 402 1392 457; baseline -0.004 -10"><span class='ocrx_word' id='word_1_30' title='bbox 57 410 210 448; x_wconf 83' lang='lat' dir='ltr'>mionis.</span> <span class='ocrx_word' id='word_1_31' title='bbox 265 405 405 456; x_wconf 82' lang='lat' dir='ltr'>orbae]</span> <span class='ocrx_word' id='word_1_32' title='bbox 432 404 601 457; x_wconf 87' lang='lat' dir='ltr'>pupillae</span> <span class='ocrx_word' id='word_1_33' title='bbox 627 406 810 455; x_wconf 81' lang='lat' dir='ltr'>virgines.</span> <span class='ocrx_word' id='word_1_34' title='bbox 863 403 914 443; x_wconf 93' lang='lat'>77</span> <span class='ocrx_word' id='word_1_35' title='bbox 944 406 1016 442; x_wconf 70' lang='lat' dir='ltr'>cibe·</span> <span class='ocrx_word' id='word_1_36' title='bbox 1039 405 1215 443; x_wconf 72' lang='lat' dir='ltr'>scribam</span> <span class='ocrx_word' id='word_1_37' title='bbox 1243 402 1392 452; x_wconf 76' lang='lat' dir='ltr'>dicam]</span> 
     </span>
     <span class='ocr_line' id='line_1_6' title="bbox 56 461 1465 518; baseline -0.005 -12"><span class='ocrx_word' id='word_1_38' title='bbox 56 468 129 507; x_wconf 88' lang='lat' dir='ltr'>tibi</span> <span class='ocrx_word' id='word_1_39' title='bbox 159 469 335 518; x_wconf 82' lang='lat' dir='ltr'>ingeram</span> <span class='ocrx_word' id='word_1_40' title='bbox 366 476 532 504; x_wconf 89' lang='lat' dir='ltr'>causam.</span> <span class='ocrx_word' id='word_1_41' title='bbox 583 461 639 503; x_wconf 82' lang='lat'>80</span> <span class='ocrx_word' id='word_1_42' title='bbox 671 462 760 512; x_wconf 73' lang='lat' dir='ltr'>qui]</span> <span class='ocrx_word' id='word_1_43' title='bbox 796 475 872 513; x_wconf 91' lang='lat' dir='ltr'>quo</span> <span class='ocrx_word' id='word_1_44' title='bbox 903 463 1027 501; x_wconf 79' lang='lat' dir='ltr'>niodo.</span> <span class='ocrx_word' id='word_1_45' title='bbox 1080 462 1270 512; x_wconf 68' lang='lat' dir='ltr'>commta]</span> <span class='ocrx_word' id='word_1_46' title='bbox 1305 474 1394 513; x_wconf 88' lang='lat' dir='ltr'>pro-</span> <span class='ocrx_word' id='word_1_47' title='bbox 1446 471 1465 499; x_wconf 82' lang='lat'>5</span> 
     </span>
     <span class='ocr_line' id='line_1_7' title="bbox 57 519 1394 578; baseline -0.004 -13"><span class='ocrx_word' id='word_1_48' title='bbox 57 529 213 578; x_wconf 86' lang='lat' dir='ltr'>pinqua.</span> <span class='ocrx_word' id='word_1_49' title='bbox 265 523 318 565; x_wconf 78' lang='lat'>82</span> <span class='ocrx_word' id='word_1_50' title='bbox 346 522 520 573; x_wconf 75' lang='lat' dir='ltr'><em>refelles]</em></span> <span class='ocrx_word' id='word_1_51' title='bbox 549 522 805 574; x_wconf 79' lang='lat' dir='ltr'>contradices,</span> <span class='ocrx_word' id='word_1_52' title='bbox 830 521 1042 560; x_wconf 80' lang='lat' dir='ltr'>recusabis.</span> <span class='ocrx_word' id='word_1_53' title='bbox 1094 519 1149 560; x_wconf 95' lang='lat' dir='ltr'>9O</span> <span class='ocrx_word' id='word_1_54' title='bbox 1173 524 1229 561; x_wconf 81' lang='lat' dir='ltr'>acl</span> <span class='ocrx_word' id='word_1_55' title='bbox 1249 534 1394 571; x_wconf 74' lang='lat' dir='ltr'>preecc-</span> 
     </span>
     <span class='ocr_line' id='line_1_8' title="bbox 59 580 1396 634; baseline -0.005 -9"><span class='ocrx_word' id='word_1_56' title='bbox 59 584 200 634; x_wconf 84' lang='lat' dir='ltr'>torem]</span> <span class='ocrx_word' id='word_1_57' title='bbox 240 584 286 622; x_wconf 88' lang='lat' dir='ltr'>ad</span> <span class='ocrx_word' id='word_1_58' title='bbox 325 587 604 622; x_wconf 76' lang='lat' dir='ltr'>excusatorem.</span> <span class='ocrx_word' id='word_1_59' title='bbox 666 580 784 630; x_wconf 69' lang='lat' dir='ltr'>mihi]</span> <span class='ocrx_word' id='word_1_60' title='bbox 823 593 893 632; x_wconf 92' lang='lat' dir='ltr'>pro</span> <span class='ocrx_word' id='word_1_61' title='bbox 932 593 1011 632; x_wconf 89' lang='lat' dir='ltr'>me,</span> <span class='ocrx_word' id='word_1_62' title='bbox 1049 581 1095 619; x_wconf 86' lang='lat' dir='ltr'>ad</span> <span class='ocrx_word' id='word_1_63' title='bbox 1133 593 1259 618; x_wconf 88' lang='lat' dir='ltr'>meam</span> <span class='ocrx_word' id='word_1_64' title='bbox 1291 580 1396 619; x_wconf 86' lang='lat' dir='ltr'>utili-</span> 
     </span>
     <span class='ocr_line' id='line_1_9' title="bbox 58 639 1397 691; baseline -0.004 -8"><span class='ocrx_word' id='word_1_65' title='bbox 58 649 188 683; x_wconf 82' lang='lat' dir='ltr'><strong>tatem.</strong></span> <span class='ocrx_word' id='word_1_66' title='bbox 245 640 298 681; x_wconf 88' lang='lat'>91</span> <span class='ocrx_word' id='word_1_67' title='bbox 330 654 437 681; x_wconf 79' lang='lat' dir='ltr'>nune</span> <span class='ocrx_word' id='word_1_68' title='bbox 463 640 614 690; x_wconf 66' lang='lat' dir='ltr'>amitte]</span> <span class='ocrx_word' id='word_1_69' title='bbox 647 652 855 691; x_wconf 83' lang='lat' dir='ltr'>personam</span> <span class='ocrx_word' id='word_1_70' title='bbox 886 639 978 678; x_wconf 88' lang='lat' dir='ltr'>mali</span> <span class='ocrx_word' id='word_1_71' title='bbox 1009 641 1250 678; x_wconf 79' lang='lat' dir='ltr'>excusatoris</span> <span class='ocrx_word' id='word_1_72' title='bbox 1278 640 1397 678; x_wconf 91' lang='lat' dir='ltr'>deno-</span> 
     </span>
     <span class='ocr_line' id='line_1_10' title="bbox 59 696 1395 750; baseline -0.003 -9"><span class='ocrx_word' id='word_1_73' title='bbox 59 708 115 742; x_wconf 89' lang='lat' dir='ltr'>tat</span> <span class='ocrx_word' id='word_1_74' title='bbox 151 704 189 741; x_wconf 80' lang='lat' dir='ltr'>C.</span> <span class='ocrx_word' id='word_1_75' title='bbox 252 700 306 740; x_wconf 82' lang='lat'>92</span> <span class='ocrx_word' id='word_1_76' title='bbox 338 704 374 740; x_wconf 76' lang='lat' dir='ltr'>si</span> <span class='ocrx_word' id='word_1_77' title='bbox 403 699 634 749; x_wconf 75' lang='lat' dir='ltr'>quiequam]</span> <span class='ocrx_word' id='word_1_78' title='bbox 669 700 822 750; x_wconf 81' lang='lat' dir='ltr'>fecerit,</span> <span class='ocrx_word' id='word_1_79' title='bbox 858 700 1099 737; x_wconf 82' lang='lat' dir='ltr'>commiserit</span> <span class='ocrx_word' id='word_1_80' title='bbox 1130 700 1167 737; x_wconf 86' lang='lat' dir='ltr'>C.</span> <span class='ocrx_word' id='word_1_81' title='bbox 1231 696 1285 737; x_wconf 83' lang='lat'>93</span> <span class='ocrx_word' id='word_1_82' title='bbox 1320 698 1395 747; x_wconf 82' lang='lat' dir='ltr'>vel]</span> 
     </span>
     <span class='ocr_line' id='line_1_11' title="bbox 60 758 1469 810; baseline -0.004 -10"><span class='ocrx_word' id='word_1_83' title='bbox 60 763 188 800; x_wconf 87' lang='lat' dir='ltr'>etiam.</span> <span class='ocrx_word' id='word_1_84' title='bbox 245 759 299 799; x_wconf 76' lang='lat'>98</span> <span class='ocrx_word' id='word_1_85' title='bbox 333 759 488 809; x_wconf 70' lang='lat' dir='ltr'>quoad]</span> <span class='ocrx_word' id='word_1_86' title='bbox 523 771 600 810; x_wconf 93' lang='lat' dir='ltr'>quo</span> <span class='ocrx_word' id='word_1_87' title='bbox 632 771 768 810; x_wconf 87' lang='lat' dir='ltr'>usque,</span> <span class='ocrx_word' id='word_1_88' title='bbox 801 758 1065 809; x_wconf 76' lang='lat' dir='ltr'>quoadusque,</span> <span class='ocrx_word' id='word_1_89' title='bbox 1096 770 1172 796; x_wconf 88' lang='lat' dir='ltr'>una</span> <span class='ocrx_word' id='word_1_90' title='bbox 1204 770 1294 808; x_wconf 81' lang='lat' dir='ltr'>pars</span> <span class='ocrx_word' id='word_1_91' title='bbox 1327 763 1397 796; x_wconf 83' lang='lat' dir='ltr'>est.</span> <span class='ocrx_word' id='word_1_92' title='bbox 1427 765 1469 795; x_wconf 86' lang='lat'>10</span> 
     </span>
     <span class='ocr_line' id='line_1_12' title="bbox 63 814 1399 870; baseline -0.004 -10"><span class='ocrx_word' id='word_1_93' title='bbox 63 818 147 860; x_wconf 88' lang='grc'>100</span> <span class='ocrx_word' id='word_1_94' title='bbox 157 818 392 870; x_wconf 71' lang='lat' dir='ltr'>portitores]</span> <span class='ocrx_word' id='word_1_95' title='bbox 409 818 590 856; x_wconf 80' lang='lat' dir='ltr'>custodes</span> <span class='ocrx_word' id='word_1_96' title='bbox 604 822 752 869; x_wconf 86' lang='lat' dir='ltr'>portus,</span> <span class='ocrx_word' id='word_1_97' title='bbox 767 819 1011 868; x_wconf 86' lang='lat' dir='ltr'>praepositos</span> <span class='ocrx_word' id='word_1_98' title='bbox 1025 818 1166 868; x_wconf 90' lang='lat' dir='ltr'>portui.</span> <span class='ocrx_word' id='word_1_99' title='bbox 1200 814 1282 855; x_wconf 82' lang='grc'>102</span> <span class='ocrx_word' id='word_1_100' title='bbox 1296 818 1399 856; x_wconf 84' lang='lat' dir='ltr'>Dor-</span> 
     </span>
     <span class='ocr_line' id='line_1_13' title="bbox 59 878 338 929; baseline -0.014 -10"><span class='ocrx_word' id='word_1_101' title='bbox 59 879 140 929; x_wconf 80' lang='lat' dir='ltr'>cio]</span> <span class='ocrx_word' id='word_1_102' title='bbox 166 878 338 917; x_wconf 86' lang='lat' dir='ltr'>ancillae.</span> 
     </span>
    </p>
   </div>
   <div class='ocr_carea' id='block_1_3' title="bbox 58 957 1472 1318">
    <p class='ocr_par' dir='ltr' id='par_1_3' title="bbox 686 957 775 1011">
     <span class='ocr_line' id='line_1_14' title="bbox 686 957 775 1011; baseline 0 -14"><span class='ocrx_word' id='word_1_103' title='bbox 686 959 712 1011; x_wconf 88' lang='lat' dir='ltr'>I,</span> <span class='ocrx_word' id='word_1_104' title='bbox 740 957 775 997; x_wconf 84' lang='lat'>3.</span> 
     </span>
    </p>

    <p class='ocr_par' dir='ltr' id='par_1_4' title="bbox 58 1028 1472 1318">
     <span class='ocr_line' id='line_1_15' title="bbox 151 1028 1400 1082; baseline -0.003 -12"><span class='ocrx_word' id='word_1_105' title='bbox 151 1032 330 1082; x_wconf 85' lang='lat' dir='ltr'>Antipho,</span> <span class='ocrx_word' id='word_1_106' title='bbox 357 1030 459 1068; x_wconf 86' lang='lat' dir='ltr'>filius</span> <span class='ocrx_word' id='word_1_107' title='bbox 485 1029 750 1081; x_wconf 83' lang='lat' dir='ltr'>Demiphonis,</span> <span class='ocrx_word' id='word_1_108' title='bbox 776 1028 986 1080; x_wconf 84' lang='lat' dir='ltr'>alloquitur</span> <span class='ocrx_word' id='word_1_109' title='bbox 1011 1028 1252 1080; x_wconf 77' lang='lat' dir='ltr'>Phaedriam,</span> <span class='ocrx_word' id='word_1_110' title='bbox 1278 1028 1400 1067; x_wconf 79' lang='lat' dir='ltr'>tilium</span> 
     </span>
     <span class='ocr_line' id='line_1_16' title="bbox 63 1089 1472 1143; baseline -0.004 -13"><span class='ocrx_word' id='word_1_111' title='bbox 63 1093 194 1143; x_wconf 81' lang='lat' dir='ltr'>patrui</span> <span class='ocrx_word' id='word_1_112' title='bbox 220 1092 293 1142; x_wconf 86' lang='lat' dir='ltr'>sui,</span> <span class='ocrx_word' id='word_1_113' title='bbox 325 1090 458 1128; x_wconf 86' lang='lat' dir='ltr'>dicens</span> <span class='ocrx_word' id='word_1_114' title='bbox 486 1101 526 1127; x_wconf 85' lang='lat' dir='ltr'>se</span> <span class='ocrx_word' id='word_1_115' title='bbox 557 1090 597 1127; x_wconf 91' lang='lat' dir='ltr'>in</span> <span class='ocrx_word' id='word_1_116' title='bbox 623 1100 761 1139; x_wconf 85' lang='lat' dir='ltr'>magno</span> <span class='ocrx_word' id='word_1_117' title='bbox 788 1093 895 1126; x_wconf 85' lang='lat' dir='ltr'>metu</span> <span class='ocrx_word' id='word_1_118' title='bbox 921 1100 1019 1140; x_wconf 82' lang='lat' dir='ltr'>esse,</span> <span class='ocrx_word' id='word_1_119' title='bbox 1052 1089 1401 1139; x_wconf 86' lang='lat' dir='ltr'>quotienscumque</span> <span class='ocrx_word' id='word_1_120' title='bbox 1432 1095 1472 1126; x_wconf 91' lang='lat'>15</span> 
     </span>
     <span class='ocr_line' id='line_1_17' title="bbox 63 1145 1403 1202; baseline -0.002 -13"><span class='ocrx_word' id='word_1_121' title='bbox 63 1152 186 1202; x_wconf 84' lang='lat' dir='ltr'>patris</span> <span class='ocrx_word' id='word_1_122' title='bbox 219 1149 425 1188; x_wconf 84' lang='lat' dir='ltr'>adventum</span> <span class='ocrx_word' id='word_1_123' title='bbox 458 1147 668 1186; x_wconf 86' lang='lat' dir='ltr'>reducebat</span> <span class='ocrx_word' id='word_1_124' title='bbox 701 1147 787 1185; x_wconf 85' lang='lat' dir='ltr'>sibi.</span> <span class='ocrx_word' id='word_1_125' title='bbox 847 1145 871 1186; x_wconf 81' lang='lat'><strong>3</strong></span> <span class='ocrx_word' id='word_1_126' title='bbox 905 1146 1148 1197; x_wconf 68' lang='lat' dir='ltr'>ineoqitans]</span> <span class='ocrx_word' id='word_1_127' title='bbox 1181 1147 1403 1186; x_wconf 86' lang='lat' dir='ltr'>inconside-</span> 
     </span>
     <span class='ocr_line' id='line_1_18' title="bbox 63 1205 1402 1261; baseline -0.002 -13"><span class='ocrx_word' id='word_1_128' title='bbox 63 1214 171 1248; x_wconf 88' lang='lat' dir='ltr'>ratus</span> <span class='ocrx_word' id='word_1_129' title='bbox 192 1210 240 1261; x_wconf 85' lang='lat' dir='ltr'>D,</span> <span class='ocrx_word' id='word_1_130' title='bbox 272 1207 413 1246; x_wconf 87' lang='lat' dir='ltr'>stultus</span> <span class='ocrx_word' id='word_1_131' title='bbox 438 1209 481 1258; x_wconf 84' lang='lat' dir='ltr'>G,</span> <span class='ocrx_word' id='word_1_132' title='bbox 513 1206 620 1244; x_wconf 85' lang='lat' dir='ltr'>valde</span> <span class='ocrx_word' id='word_1_133' title='bbox 654 1208 828 1257; x_wconf 79' lang='lat' dir='ltr'>cogitans</span> <span class='ocrx_word' id='word_1_134' title='bbox 860 1211 898 1244; x_wconf 89' lang='lat' dir='ltr'>et</span> <span class='ocrx_word' id='word_1_135' title='bbox 928 1208 1071 1244; x_wconf 88' lang='lat' dir='ltr'>timens</span> <span class='ocrx_word' id='word_1_136' title='bbox 1104 1207 1233 1244; x_wconf 84' lang='lat' dir='ltr'>DCE.</span> <span class='ocrx_word' id='word_1_137' title='bbox 1285 1205 1309 1246; x_wconf 80' lang='lat'>8</span> <span class='ocrx_word' id='word_1_138' title='bbox 1333 1219 1402 1245; x_wconf 79' lang='lat' dir='ltr'>cm-</span> 
     </span>
     <span class='ocr_line' id='line_1_19' title="bbox 58 1262 1404 1318; baseline -0.002 -11"><span class='ocrx_word' id='word_1_139' title='bbox 58 1267 194 1318; x_wconf 66' lang='lat' dir='ltr'>yeret]</span> <span class='ocrx_word' id='word_1_140' title='bbox 235 1268 437 1305; x_wconf 83' lang='lat' dir='ltr'>cruciaret.</span> <span class='ocrx_word' id='word_1_141' title='bbox 503 1263 557 1304; x_wconf 83' lang='lat'>14</span> <span class='ocrx_word' id='word_1_142' title='bbox 589 1265 778 1315; x_wconf 69' lang='lat' dir='ltr'>conicito]</span> <span class='ocrx_word' id='word_1_143' title='bbox 818 1267 1030 1304; x_wconf 86' lang='lat' dir='ltr'>aestimato.</span> <span class='ocrx_word' id='word_1_144' title='bbox 1096 1262 1147 1304; x_wconf 83' lang='lat'>17</span> <span class='ocrx_word' id='word_1_145' title='bbox 1181 1268 1267 1304; x_wconf 73' lang='lat' dir='ltr'>sine</span> <span class='ocrx_word' id='word_1_146' title='bbox 1298 1268 1404 1304; x_wconf 79' lang='lat' dir='ltr'>mala</span> 
     </span>
    </p>
   </div>
   <div class='ocr_carea' id='block_1_4' title="bbox 61 1322 1477 1435">
    <p class='ocr_par' dir='ltr' id='par_1_5' title="bbox 61 1322 1477 1435">
     <span class='ocr_line' id='line_1_20' title="bbox 61 1322 1405 1376; baseline -0.001 -10"><span class='ocrx_word' id='word_1_147' title='bbox 61 1326 195 1376; x_wconf 81' lang='lat' dir='ltr'><em>fama]</em></span> <span class='ocrx_word' id='word_1_148' title='bbox 229 1327 313 1364; x_wconf 89' lang='lat' dir='ltr'>sine</span> <span class='ocrx_word' id='word_1_149' title='bbox 344 1326 566 1364; x_wconf 88' lang='lat' dir='ltr'>meretricio</span> <span class='ocrx_word' id='word_1_150' title='bbox 600 1324 716 1363; x_wconf 92' lang='lat' dir='ltr'>cultu.</span> <span class='ocrx_word' id='word_1_151' title='bbox 781 1322 833 1364; x_wconf 78' lang='lat'>18</span> <span class='ocrx_word' id='word_1_152' title='bbox 866 1324 956 1374; x_wconf 70' lang='lat' dir='ltr'>qui]</span> <span class='ocrx_word' id='word_1_153' title='bbox 991 1324 1195 1375; x_wconf 87' lang='lat' dir='ltr'>quomodo.</span> <span class='ocrx_word' id='word_1_154' title='bbox 1255 1322 1312 1362; x_wconf 79' lang='lat'>24</span> <span class='ocrx_word' id='word_1_155' title='bbox 1344 1327 1405 1364; x_wconf 72' lang='lat' dir='ltr'>ius</span> 
     </span>
     <span class='ocr_line' id='line_1_21' title="bbox 64 1382 1477 1435; baseline -0.002 -10"><span class='ocrx_word' id='word_1_156' title='bbox 64 1389 117 1425; x_wconf 67' lang='lat' dir='ltr'>sit</span> <span class='ocrx_word' id='word_1_157' title='bbox 149 1384 378 1434; x_wconf 71' lang='lat' dir='ltr'>amittendi]</span> <span class='ocrx_word' id='word_1_158' title='bbox 413 1386 503 1435; x_wconf 90' lang='lat' dir='ltr'>quia</span> <span class='ocrx_word' id='word_1_159' title='bbox 534 1382 686 1434; x_wconf 86' lang='lat' dir='ltr'>legibus</span> <span class='ocrx_word' id='word_1_160' title='bbox 719 1385 953 1422; x_wconf 79' lang='lat' dir='ltr'>constrictus</span> <span class='ocrx_word' id='word_1_161' title='bbox 986 1396 1083 1422; x_wconf 82' lang='lat' dir='ltr'>sum.</span> <span class='ocrx_word' id='word_1_162' title='bbox 1432 1392 1477 1422; x_wconf 74' lang='lat'>‘20</span> 
     </span>
    </p>
   </div>
   <div class='ocr_carea' id='block_1_5' title="bbox 69 1511 1487 2285">
    <p class='ocr_par' dir='ltr' id='par_1_6' title="bbox 689 1511 780 1564">
     <span class='ocr_line' id='line_1_22' title="bbox 689 1511 780 1564; baseline 0 -13"><span class='ocrx_word' id='word_1_163' title='bbox 689 1513 716 1564; x_wconf 88' lang='lat' dir='ltr'>I,</span> <span class='ocrx_word' id='word_1_164' title='bbox 743 1511 780 1551; x_wconf 82' lang='lat'>4.</span> 
     </span>
    </p>

    <p class='ocr_par' dir='ltr' id='par_1_7' title="bbox 70 1583 1407 1756">
     <span class='ocr_line' id='line_1_23' title="bbox 156 1583 1407 1641; baseline -0.002 -17"><span class='ocrx_word' id='word_1_165' title='bbox 156 1585 324 1624; x_wconf 80' lang='lat' dir='ltr'>Veniens</span> <span class='ocrx_word' id='word_1_166' title='bbox 357 1584 452 1623; x_wconf 84' lang='lat' dir='ltr'>Geta</span> <span class='ocrx_word' id='word_1_167' title='bbox 490 1584 537 1622; x_wconf 91' lang='lat' dir='ltr'>de</span> <span class='ocrx_word' id='word_1_168' title='bbox 575 1583 823 1641; x_wconf 49' lang='lat' dir='ltr'>portu-vidit</span> <span class='ocrx_word' id='word_1_169' title='bbox 859 1585 1089 1622; x_wconf 76' lang='lat' dir='ltr'>venientem</span> <span class='ocrx_word' id='word_1_170' title='bbox 1114 1584 1407 1636; x_wconf 85' lang='lat' dir='ltr'>Demiphonem,</span> 
     </span>
     <span class='ocr_line' id='line_1_24' title="bbox 70 1641 1407 1695; baseline -0.003 -11"><span class='ocrx_word' id='word_1_171' title='bbox 70 1646 271 1685; x_wconf 88' lang='lat' dir='ltr'>dominum</span> <span class='ocrx_word' id='word_1_172' title='bbox 303 1656 429 1695; x_wconf 85' lang='lat' dir='ltr'>suum,</span> <span class='ocrx_word' id='word_1_173' title='bbox 462 1647 500 1681; x_wconf 91' lang='lat' dir='ltr'>et</span> <span class='ocrx_word' id='word_1_174' title='bbox 531 1642 703 1694; x_wconf 86' lang='lat' dir='ltr'>loquitur</span> <span class='ocrx_word' id='word_1_175' title='bbox 736 1655 869 1681; x_wconf 80' lang='lat' dir='ltr'>secum</span> <span class='ocrx_word' id='word_1_176' title='bbox 900 1644 940 1681; x_wconf 88' lang='lat' dir='ltr'>in</span> <span class='ocrx_word' id='word_1_177' title='bbox 973 1642 1111 1681; x_wconf 80' lang='lat' dir='ltr'>eundo.</span> <span class='ocrx_word' id='word_1_178' title='bbox 1156 1641 1208 1681; x_wconf 73' lang='lat' dir='ltr'>M.</span> <span class='ocrx_word' id='word_1_179' title='bbox 1266 1642 1407 1682; x_wconf 80' lang='lat' dir='ltr'>Secum</span> 
     </span>
     <span class='ocr_line' id='line_1_25' title="bbox 70 1700 1407 1756; baseline -0.001 -14"><span class='ocrx_word' id='word_1_180' title='bbox 70 1703 302 1756; x_wconf 82' lang='lat' dir='ltr'>loquebatur</span> <span class='ocrx_word' id='word_1_181' title='bbox 328 1703 375 1741; x_wconf 88' lang='lat' dir='ltr'>de</span> <span class='ocrx_word' id='word_1_182' title='bbox 406 1714 446 1740; x_wconf 80' lang='lat' dir='ltr'>se</span> <span class='ocrx_word' id='word_1_183' title='bbox 474 1703 648 1740; x_wconf 81' lang='lat' dir='ltr'><em>BGCE.</em></span> <span class='ocrx_word' id='word_1_184' title='bbox 706 1700 730 1740; x_wconf 83' lang='lat'><strong>2</strong></span> <span class='ocrx_word' id='word_1_185' title='bbox 759 1708 796 1740; x_wconf 77' lang='lat' dir='ltr'>le</span> <span class='ocrx_word' id='word_1_186' title='bbox 829 1701 1060 1752; x_wconf 63' lang='lat' dir='ltr'>Inpenderzl]</span> <span class='ocrx_word' id='word_1_187' title='bbox 1094 1703 1301 1740; x_wconf 85' lang='lat' dir='ltr'>imminent</span> <span class='ocrx_word' id='word_1_188' title='bbox 1325 1702 1407 1741; x_wconf 89' lang='lat' dir='ltr'>tihi.</span> 
     </span>
    </p>

    <p class='ocr_par' dir='ltr' id='par_1_8' title="bbox 69 1759 1487 2285">
     <span class='ocr_line' id='line_1_26' title="bbox 69 1759 1480 1812; baseline -0.004 -9"><span class='ocrx_word' id='word_1_189' title='bbox 69 1762 95 1804; x_wconf 91' lang='lat'>6</span> <span class='ocrx_word' id='word_1_190' title='bbox 131 1759 318 1812; x_wconf 73' lang='lat' dir='ltr'>Antipho]</span> <span class='ocrx_word' id='word_1_191' title='bbox 353 1773 496 1800; x_wconf 87' lang='lat' dir='ltr'>secum.</span> <span class='ocrx_word' id='word_1_192' title='bbox 560 1763 659 1810; x_wconf 75' lang='lat' dir='ltr'>quid</span> <span class='ocrx_word' id='word_1_193' title='bbox 689 1760 786 1810; x_wconf 69' lang='lat' dir='ltr'>illic]</span> <span class='ocrx_word' id='word_1_194' title='bbox 826 1762 1070 1812; x_wconf 88' lang='lat' dir='ltr'>interruptio.</span> <span class='ocrx_word' id='word_1_195' title='bbox 1136 1760 1158 1800; x_wconf 95' lang='lat'><strong>7</strong></span> <span class='ocrx_word' id='word_1_196' title='bbox 1194 1761 1406 1810; x_wconf 75' lang='lat' dir='ltr'>punctum]</span> <span class='ocrx_word' id='word_1_197' title='bbox 1436 1769 1480 1799; x_wconf 73' lang='lat'>25</span> 
     </span>
     <span class='ocr_line' id='line_1_27' title="bbox 69 1816 1408 1872; baseline -0.003 -11"><span class='ocrx_word' id='word_1_198' title='bbox 69 1823 345 1861; x_wconf 86' lang='lat' dir='ltr'>brevissimum</span> <span class='ocrx_word' id='word_1_199' title='bbox 378 1821 546 1871; x_wconf 85' lang='lat' dir='ltr'>spatium</span> <span class='ocrx_word' id='word_1_200' title='bbox 576 1816 801 1858; x_wconf 78' lang='lat' dir='ltr'><em>DGECM.</em></span> <span class='ocrx_word' id='word_1_201' title='bbox 854 1824 1026 1870; x_wconf 81' lang='lat' dir='ltr'>punctus</span> <span class='ocrx_word' id='word_1_202' title='bbox 1059 1824 1118 1858; x_wconf 87' lang='lat' dir='ltr'>est</span> <span class='ocrx_word' id='word_1_203' title='bbox 1151 1825 1287 1871; x_wconf 86' lang='lat' dir='ltr'>quarta</span> <span class='ocrx_word' id='word_1_204' title='bbox 1319 1833 1408 1872; x_wconf 81' lang='lat' dir='ltr'>pars</span> 
     </span>
     <span class='ocr_line' id='line_1_28' title="bbox 70 1878 1409 1931; baseline -0.001 -12"><span class='ocrx_word' id='word_1_205' title='bbox 70 1882 187 1920; x_wconf 81' lang='lat' dir='ltr'>horae</span> <span class='ocrx_word' id='word_1_206' title='bbox 215 1881 258 1918; x_wconf 87' lang='grc' dir='ltr'><em>Ε</em></span> <span class='ocrx_word' id='word_1_207' title='bbox 316 1878 340 1918; x_wconf 83' lang='lat'>9</span> <span class='ocrx_word' id='word_1_208' title='bbox 368 1883 533 1919; x_wconf 80' lang='lat' dir='ltr'>laterem</span> <span class='ocrx_word' id='word_1_209' title='bbox 558 1878 700 1929; x_wconf 80' lang='lat' dir='ltr'>lavem]</span> <span class='ocrx_word' id='word_1_210' title='bbox 734 1878 985 1930; x_wconf 89' lang='lat' dir='ltr'>proverbium</span> <span class='ocrx_word' id='word_1_211' title='bbox 1018 1878 1185 1931; x_wconf 87' lang='lat' dir='ltr'>illorum,</span> <span class='ocrx_word' id='word_1_212' title='bbox 1219 1881 1285 1930; x_wconf 87' lang='lat' dir='ltr'>qui</span> <span class='ocrx_word' id='word_1_213' title='bbox 1318 1879 1409 1918; x_wconf 87' lang='lat' dir='ltr'>dum</span> 
     </span>
     <span class='ocr_line' id='line_1_29' title="bbox 71 1937 1409 1991; baseline -0.003 -14"><span class='ocrx_word' id='word_1_214' title='bbox 71 1952 112 1978; x_wconf 80' lang='lat' dir='ltr'>se</span> <span class='ocrx_word' id='word_1_215' title='bbox 144 1939 278 1978; x_wconf 85' lang='lat' dir='ltr'>volunt</span> <span class='ocrx_word' id='word_1_216' title='bbox 309 1950 543 1991; x_wconf 84' lang='lat' dir='ltr'>expurgare,</span> <span class='ocrx_word' id='word_1_217' title='bbox 574 1939 614 1977; x_wconf 90' lang='lat' dir='ltr'>in</span> <span class='ocrx_word' id='word_1_218' title='bbox 647 1937 800 1989; x_wconf 83' lang='lat' dir='ltr'>culpam</span> <span class='ocrx_word' id='word_1_219' title='bbox 832 1938 1027 1990; x_wconf 88' lang='lat' dir='ltr'>incidunt,</span> <span class='ocrx_word' id='word_1_220' title='bbox 1060 1940 1161 1977; x_wconf 86' lang='lat' dir='ltr'>sicut</span> <span class='ocrx_word' id='word_1_221' title='bbox 1194 1938 1301 1989; x_wconf 87' lang='lat' dir='ltr'>later,</span> <span class='ocrx_word' id='word_1_222' title='bbox 1334 1951 1409 1989; x_wconf 83' lang='lat' dir='ltr'>quo</span> 
     </span>
     <span class='ocr_line' id='line_1_30' title="bbox 71 1997 1410 2050; baseline -0.001 -14"><span class='ocrx_word' id='word_1_223' title='bbox 71 1998 237 2049; x_wconf 86' lang='lat' dir='ltr'>amplius</span> <span class='ocrx_word' id='word_1_224' title='bbox 281 1997 428 2036; x_wconf 79' lang='lat' dir='ltr'>lavatur</span> <span class='ocrx_word' id='word_1_225' title='bbox 472 2002 510 2035; x_wconf 89' lang='lat' dir='ltr'>et</span> <span class='ocrx_word' id='word_1_226' title='bbox 554 1997 732 2050; x_wconf 85' lang='lat' dir='ltr'>fricatur,</span> <span class='ocrx_word' id='word_1_227' title='bbox 776 2009 821 2036; x_wconf 86' lang='lat' dir='ltr'>eo</span> <span class='ocrx_word' id='word_1_228' title='bbox 865 1997 1030 2048; x_wconf 83' lang='lat' dir='ltr'>amplius</span> <span class='ocrx_word' id='word_1_229' title='bbox 1077 1997 1212 2035; x_wconf 76' lang='lat' dir='ltr'>sordes</span> <span class='ocrx_word' id='word_1_230' title='bbox 1258 1998 1410 2036; x_wconf 87' lang='lat' dir='ltr'>emittit.</span> 
     </span>
     <span class='ocr_line' id='line_1_31' title="bbox 74 2052 1487 2109; baseline -0.003 -13"><span class='ocrx_word' id='word_1_231' title='bbox 74 2060 109 2096; x_wconf 88' lang='lat' dir='ltr'>J)</span> <span class='ocrx_word' id='word_1_232' title='bbox 124 2058 198 2096; x_wconf 74' lang='grc' dir='ltr'>ΟΕ</span> <span class='ocrx_word' id='word_1_233' title='bbox 204 2058 256 2096; x_wconf 84' lang='lat' dir='ltr'>M.</span> <span class='ocrx_word' id='word_1_234' title='bbox 294 2055 537 2109; x_wconf 78' lang='grc' dir='ltr'><em>’Θεόκριτος</em></span> <span class='ocrx_word' id='word_1_235' title='bbox 562 2053 584 2095; x_wconf 83' lang='grc' dir='ltr'>ὁ</span> <span class='ocrx_word' id='word_1_236' title='bbox 614 2054 793 2108; x_wconf 77' lang='grc' dir='ltr'><em>ποιητής</em></span> <span class='ocrx_word' id='word_1_237' title='bbox 815 2055 900 2108; x_wconf 78' lang='grc'>[16,</span> <span class='ocrx_word' id='word_1_238' title='bbox 921 2055 1013 2106; x_wconf 71' lang='lat'>621:</span> <span class='ocrx_word' id='word_1_239' title='bbox 1038 2052 1109 2095; x_wconf 83' lang='grc' dir='ltr'>καὶ</span> <span class='ocrx_word' id='word_1_240' title='bbox 1131 2053 1259 2095; x_wconf 79' lang='grc' dir='ltr'><em>ὕδατι</em></span> <span class='ocrx_word' id='word_1_241' title='bbox 1278 2056 1412 2105; x_wconf 78' lang='grc' dir='ltr'><em>νίζειν</em></span> <span class='ocrx_word' id='word_1_242' title='bbox 1440 2065 1487 2093; x_wconf 70' lang='lat'>:311</span> 
     </span>
     <span class='ocr_line' id='line_1_32' title="bbox 71 2111 1414 2169; baseline -0.002 -13"><span class='ocrx_word' id='word_1_243' title='bbox 71 2114 267 2169; x_wconf 78' lang='grc' dir='ltr'><strong><em>θολερὰν</em></strong></span> <span class='ocrx_word' id='word_1_244' title='bbox 288 2111 436 2155; x_wconf 79' lang='grc' dir='ltr'><em>ίοειδέι</em></span> <span class='ocrx_word' id='word_1_245' title='bbox 462 2114 666 2155; x_wconf 81' lang='grc' dir='ltr'><strong><em>πλίνθον.</em></strong></span> <span class='ocrx_word' id='word_1_246' title='bbox 710 2117 756 2154; x_wconf 84' lang='lat' dir='ltr'>I).</span> <span class='ocrx_word' id='word_1_247' title='bbox 777 2128 880 2154; x_wconf 78' lang='lat' dir='ltr'>man.</span> <span class='ocrx_word' id='word_1_248' title='bbox 901 2128 981 2155; x_wconf 81' lang='lat' dir='ltr'>rec.</span> <span class='ocrx_word' id='word_1_249' title='bbox 1035 2112 1088 2153; x_wconf 92' lang='grc'>10</span> <span class='ocrx_word' id='word_1_250' title='bbox 1108 2117 1205 2154; x_wconf 75' lang='lat' dir='ltr'>milei</span> <span class='ocrx_word' id='word_1_251' title='bbox 1219 2115 1225 2164; x_wconf 71' lang='grc' dir='ltr'>Ι</span> <span class='ocrx_word' id='word_1_252' title='bbox 1254 2122 1414 2166; x_wconf 79' lang='lat' dir='ltr'>propter</span> 
     </span>
     <span class='ocr_line' id='line_1_33' title="bbox 75 2172 1412 2225; baseline -0.002 -11"><span class='ocrx_word' id='word_1_253' title='bbox 75 2188 148 2214; x_wconf 90' lang='lat' dir='ltr'>me.</span> <span class='ocrx_word' id='word_1_254' title='bbox 207 2174 352 2224; x_wconf 71' lang='lat' dir='ltr'>animi]</span> <span class='ocrx_word' id='word_1_255' title='bbox 387 2175 592 2212; x_wconf 83' lang='lat' dir='ltr'>inanimo.</span> <span class='ocrx_word' id='word_1_256' title='bbox 651 2172 704 2213; x_wconf 82' lang='lat'>12</span> <span class='ocrx_word' id='word_1_257' title='bbox 733 2174 931 2224; x_wconf 63' lang='lat' dir='ltr'>vMIssem]</span> <span class='ocrx_word' id='word_1_258' title='bbox 965 2175 1234 2225; x_wconf 72' lang='lat' dir='ltr'>providissem.</span> <span class='ocrx_word' id='word_1_259' title='bbox 1292 2187 1412 2214; x_wconf 81' lang='lat' dir='ltr'>essem</span> 
     </span>
     <span class='ocr_line' id='line_1_34' title="bbox 75 2231 1415 2285; baseline -0.003 -11"><span class='ocrx_word' id='word_1_260' title='bbox 75 2234 198 2284; x_wconf 82' lang='lat' dir='ltr'>ultus]</span> <span class='ocrx_word' id='word_1_261' title='bbox 226 2246 296 2285; x_wconf 89' lang='lat' dir='ltr'>pro</span> <span class='ocrx_word' id='word_1_262' title='bbox 324 2232 444 2272; x_wconf 90' lang='lat' dir='ltr'>nihilo</span> <span class='ocrx_word' id='word_1_263' title='bbox 471 2232 730 2283; x_wconf 64' lang='lat' dir='ltr'>deputassent.</span> <span class='ocrx_word' id='word_1_264' title='bbox 785 2231 836 2272; x_wconf 85' lang='lat'>13</span> <span class='ocrx_word' id='word_1_265' title='bbox 864 2234 1157 2283; x_wconf 65' lang='lat' dir='ltr'>eonvasasscm]</span> <span class='ocrx_word' id='word_1_266' title='bbox 1186 2235 1415 2284; x_wconf 66' lang='lat' dir='ltr'>rapuissem,</span> 
     </span>
    </p>
   </div>
   <div class='ocr_carea' id='block_1_6' title="bbox 147 2358 1154 2458">
    <p class='ocr_par' dir='ltr' id='par_1_9' title="bbox 147 2358 1154 2458">
     <span class='ocr_line' id='line_1_35' title="bbox 175 2358 1154 2405; baseline -0.001 -11"><span class='ocrx_word' id='word_1_267' title='bbox 175 2363 203 2395; x_wconf 91' lang='lat'>1.</span> <span class='ocrx_word' id='word_1_268' title='bbox 232 2363 250 2393; x_wconf 78' lang='lat'><strong>2</strong></span> <span class='ocrx_word' id='word_1_269' title='bbox 278 2358 527 2405; x_wconf 76' lang='lat' dir='ltr'>progenitam]</span> <span class='ocrx_word' id='word_1_270' title='bbox 555 2359 683 2392; x_wconf 78' lang='lat' dir='ltr'>natam</span> <span class='ocrx_word' id='word_1_271' title='bbox 710 2359 757 2393; x_wconf 90' lang='lat' dir='ltr'>D.</span> <span class='ocrx_word' id='word_1_272' title='bbox 856 2363 895 2393; x_wconf 90' lang='lat'>31</span> <span class='ocrx_word' id='word_1_273' title='bbox 926 2358 1078 2403; x_wconf 65' lang='grc' dir='ltr'><strong><em>τολερὰν</em></strong></span> <span class='ocrx_word' id='word_1_274' title='bbox 1105 2359 1154 2394; x_wconf 88' lang='lat' dir='ltr'>D.</span> 
     </span>
     <span class='ocr_line' id='line_1_36' title="bbox 147 2423 1133 2458; baseline 0 -8"><span class='ocrx_word' id='word_1_275' title='bbox 147 2424 271 2451; x_wconf 80' lang='lat' dir='ltr'>Scholia</span> <span class='ocrx_word' id='word_1_276' title='bbox 290 2424 482 2458; x_wconf 80' lang='lat' dir='ltr'>Terentiana,</span> <span class='ocrx_word' id='word_1_277' title='bbox 501 2424 547 2450; x_wconf 82' lang='lat' dir='ltr'>ed.</span> <span class='ocrx_word' id='word_1_278' title='bbox 569 2423 709 2449; x_wconf 72' lang='lat' dir='ltr'>Schleo.</span> <span class='ocrx_word' id='word_1_279' title='bbox 1114 2423 1133 2451; x_wconf 68' lang='grc' dir='ltr'>ἒ)</span> 
     </span>
    </p>
   </div>
   <div class='ocr_carea' id='block_1_7' title="bbox 1667 787 1681 848">
    <p class='ocr_par' dir='ltr' id='par_1_10' title="bbox 1667 787 1681 848">
     <span class='ocr_line' id='line_1_37' title="bbox 1667 787 1681 848; textangle 90"><span class='ocrx_word' id='word_1_280' title='bbox 1667 787 1681 848; x_wconf 41' lang='lat' dir='ltr'>*Nx*</span> 
     </span>
    </p>
   </div>
  </div>
 </body>
</html>
