1681 2576
532 147 823 182 Commentarius
849 148 1043 183 recentior.
1374 151 1395 189 1
1403 149 1457 190 67

117 260 163 298 ab
190 261 274 310 ipsa
299 272 354 311 re,
381 272 470 298 eum
497 271 580 297 eam
607 258 778 296 ostendit
802 257 913 308 culpa
940 263 1150 310 carentem,
1177 271 1197 296 a
1219 263 1330 309 parte
1351 260 1458 298 audi-

117 324 258 370 torum,
292 330 380 357 eum
410 330 545 356 eorum
571 318 914 367 aequanimitatem
940 317 1160 368 expostulat
1186 323 1223 355 et
1249 318 1295 355 ad
1323 318 1459 357 iudicii

63 387 66 390 ’
119 379 353 428 aequitatem
390 378 536 415 invitat.
598 377 638 414 in
677 377 762 426 ipso
795 388 957 414 accessu
989 381 1117 427 captat
1147 376 1458 416 benevolentiam

117 449 137 474 a
171 448 239 474 sua
276 437 434 487 propria
471 447 637 486 persona
676 434 858 487 loquenS,
899 439 941 473 ut
974 435 1121 473 dictum
1153 440 1229 487 est,
1270 448 1341 486 per
1374 435 1457 474 Calss

117 494 290 545 liopium.
336 499 340 502 '

206 555 341 592 Poeta.
404 552 506 604 quod
545 552 655 590 dicit:
700 564 720 590 o
752 552 933 603 Romani,
972 557 1329 604 quantumcumque
1368 566 1458 604 pars

116 612 276 650 adversa
309 613 428 650 istum
458 613 679 662 vituperare
711 610 878 663 laboret,
917 611 1057 661 dignus
1089 616 1219 650 tamen
1252 617 1328 663 est,
1365 619 1406 651 ut
1438 626 1459 651 a

115 670 229 709 nobis
257 671 445 709 audiatur.
484 671 567 721 ipse
595 671 699 708 enim
727 675 787 708 est
811 674 936 721 poeta,
963 669 1001 707 id
1030 674 1087 707 est
1115 671 1262 709 faciens
1290 670 1458 710 delecta-

115 729 208 767 bilia
235 731 417 781 carmina,
443 741 532 767 nam
558 730 660 780 poio,
687 730 772 779 pois
799 729 992 779 significat
1016 729 1129 781 fingo,
1156 729 1281 779 fingis.
1325 735 1362 768 et
1388 742 1459 781 per

114 790 423 826 antonomasiam
452 788 490 826 id
518 792 578 826 est
603 787 874 826 excellentiam
901 792 1011 826 vocat
1037 800 1126 826 eum
1157 794 1324 840 poetam,
1358 790 1460 827 sicut

115 859 186 898 per
212 846 410 897 apostolus
436 847 676 897 intellegitur
702 846 855 898 Paulus,
887 859 958 897 per
989 846 1084 885 urbs
1111 846 1242 885 Roma.
1300 853 1459 886 econtra

115 905 233 944 alium
257 911 367 944 vocat
390 910 562 944 veterem
588 910 754 957 poetam,
781 918 895 944 suum
921 905 1164 944 maledicum.
1215 906 1301 957 plus
1329 911 1458 945 autem

115 965 363 1003 commendat
395 977 484 1003 eum
521 977 592 1015 per
620 964 699 1002 'hoe
731 976 874 1003 nomen
911 969 1042 1016 poeta,
1083 977 1198 1015 quam
1230 967 1264 1003 si
1295 966 1459 1004 dixisset

115 1022 334 1061 Terentius.
387 1036 476 1062 cum
505 1027 679 1073 primum
713 1026 867 1072 appulit
898 1026 1073 1062 (mimum
1106 1026 1162 1063 ad
1190 1026 1458 1063 scribendum.

117 1082 219 1132 quod
258 1082 366 1120 dicit:
418 1084 534 1120 etiam
572 1084 612 1120 in
654 1083 792 1132 primis
833 1081 1013 1132 placendi
1051 1082 1160 1121 vobis
1200 1084 1459 1121 intentionem

114 1140 261 1179 habuit.
307 1141 373 1179 ubi
400 1141 495 1179 dicit
523 1141 682 1192 appulit,
709 1142 916 1179 maximam
943 1140 1211 1179 difficultatem
1239 1144 1457 1192 scripturae

116 1200 337 1249 significare
362 1199 451 1238 vult.
497 1199 691 1250 appellere
716 1201 821 1237 enim
841 1199 1002 1238 verbum
1029 1202 1229 1239 nauticum
1255 1205 1324 1239 est.
1371 1214 1461 1239 cuni

114 1259 221 1296 euim
248 1260 288 1296 in
311 1258 438 1309 aliqua
459 1263 689 1308 tempestate
717 1258 906 1310 laborant,
932 1259 977 1297 ad
999 1258 1167 1309 aliquem
1193 1264 1350 1310 portum
1371 1272 1461 1298 cum

115 1318 283 1355 maximo
310 1316 442 1355 labore
470 1317 666 1355 festinant.
725 1322 762 1355 et
788 1317 861 1355 hoc
889 1322 948 1355 est
980 1318 1193 1368 appellere:
1226 1318 1272 1356 ad
1302 1324 1460 1369 portum

115 1387 205 1413 eum
243 1388 381 1426 magna
419 1375 646 1414 difficultate
683 1376 841 1427 pellere.
905 1376 1087 1415 similiter
1122 1377 1331 1416 Terentius
1371 1390 1494 1415 cuni-

116 1435 282 1472 maxima
306 1434 532 1473 difficultate
557 1436 774 1485 scripturae
799 1435 1102 1474 familiaritatem
1127 1436 1263 1487 populi
1283 1436 1459 1480 Romani,

116 1494 183 1544 qui
210 1495 246 1531 ei
271 1498 408 1544 portus
435 1498 551 1544 esset,
577 1493 762 1532 tendebat
788 1494 999 1532 attendere.
1046 1497 1222 1534 credidit
1248 1497 1292 1534 id
1315 1499 1458 1544 negoti.

77 1548 84 1555 '
115 1552 189 1590 hoc
209 1553 409 1602 negotium
430 1552 489 1590 vel
513 1552 551 1590 id
575 1554 787 1604 negotium,
813 1552 852 1591 id
874 1557 934 1591 est
954 1553 1057 1591 hune
1079 1554 1195 1592 finem
1217 1558 1256 1592 et
1276 1554 1459 1593 effectum

117 1610 163 1649 de
192 1612 346 1661 negotio
375 1623 455 1649 suo.
504 1616 548 1650 ut
568 1611 732 1660 fabulas
758 1624 858 1660 quas
881 1611 1044 1660 lecisset
1066 1616 1278 1661 placerent
1298 1616 1458 1662 populo.

66 1691 68 1693 ·
116 1670 289 1707 Romano
316 1665 557 1708 subauditur.
603 1670 697 1708 haec
723 1675 781 1708 est
805 1670 940 1708 eadem
962 1672 1083 1721 ligura
1105 1684 1202 1722 quae
1231 1673 1286 1709 in:
1313 1671 1458 1710 Urbem
1514 1681 1525 1688 '

117 1741 232 1778 quam
265 1733 390 1767 statuo
424 1733 551 1767 vestra
585 1733 644 1766 est
677 1728 804 1779 [Verg.
832 1729 924 1767 Aen.
951 1729 978 1781 I,
1006 1728 1110 1779 573]
1145 1735 1199 1768 et:
1238 1742 1460 1769 sermonem

116 1799 232 1837 quem
265 1787 428 1826 audistis
459 1799 536 1825 uon
570 1792 628 1825 est
660 1800 780 1826 meus.
839 1792 877 1826 et
909 1792 969 1826 est
1000 1790 1217 1841 antiptosis,
1250 1802 1362 1827 casus
1389 1802 1461 1840 pro

116 1858 220 1898 casu,
252 1848 494 1885 aecusativus
521 1858 591 1897 pro
618 1848 867 1885 nominativo,
922 1851 961 1885 et
987 1859 1077 1885 ecce
1104 1860 1175 1898 per
1201 1849 1460 1886 intentionem

117 1916 226 1943 suam
263 1909 397 1943 noster
441 1910 568 1955 captat
606 1917 742 1943 eorum
781 1905 1100 1944 benevolentiam.
1162 1906 1310 1945 fabulas
1356 1909 1461 1945 euim

117 1964 316 2014 inproprie
355 1963 469 2015 dixit,
511 1969 738 2014 argumenta
777 1966 881 2003 enim
920 1965 1051 2003 dicere
1089 1964 1235 2004 debuit.
1300 1978 1387 2004 nam
1428 1968 1462 2004 si

117 2023 279 2060 materIa
307 2035 374 2061 sua
399 2024 485 2061 licta
512 2023 594 2074 fuit,
622 2028 751 2061 tamen
778 2036 867 2061 vera
895 2025 933 2061 in
962 2036 1002 2061 re
1030 2036 1116 2062 esse
1144 2026 1280 2075 potuit.
1329 2025 1461 2063 videu-

117 2080 209 2118 dum
245 2086 322 2132 est,
364 2082 402 2119 iu
443 2093 518 2132 quo
553 2081 696 2133 sabula,
737 2082 920 2134 historia,
962 2087 1235 2133 argumentum
1268 2083 1460 2122 differant.

118 2139 243 2177 sabula
278 2144 333 2178 est
374 2152 437 2177 res
472 2141 558 2178 fleta
591 2153 663 2179 nec
696 2153 786 2179 vera
820 2153 891 2179 nec.
925 2141 1168 2193 verisimilis,
1207 2142 1369 2180 historia
1403 2149 1463 2181 est

119 2210 182 2236 res
214 2203 321 2247 gesta
349 2211 369 2236 a
398 2200 586 2237 memoria
618 2200 819 2238 hominum
852 2205 1014 2250 propter
1045 2205 1276 2239 vetustatem
1304 2201 1462 2252 dimota,

117 2261 389 2307 argumentum
428 2259 525 2296 ratio
562 2260 619 2296 rei
659 2258 798 2296 dubiae
836 2259 980 2297 faciens
1015 2259 1147 2311 lidem3
1189 2266 1461 2309 argumentum

213 2385 256 2415 21
286 2381 514 2427 scripturae?
612 2386 655 2417 29
682 2383 822 2429 noster]
849 2384 956 2418 nut’?

1489 797 1529 827 10

1488 1091 1529 1121 15

1488 1976 1507 2005 3
1512 1975 1533 2006 Ο

1488 2270 1506 2299 3
1513 2271 1532 2299 5
