1681 2576
218 136 303 177 114
635 132 926 167 Commentarius
953 132 1150 176 antiquior.

218 247 269 288 11
304 244 523 294 oratorem]
554 243 800 282 defensorem
827 255 1032 282 causarum
1058 248 1096 281 et
1123 243 1423 283 comoediarum.
1461 258 1556 296 pro-

216 305 364 356 loyum]
398 304 699 355 prolocutorem,
730 302 979 353 prologorum
1013 307 1219 340 oratorem.
1276 301 1328 341 12
1361 305 1556 356 actorem]

217 365 455 405 causidicum
488 364 518 401 C
549 361 604 411 [id
637 366 697 399 est
722 362 969 399 recitatorem
989 361 1159 410 DEMJ.
1218 359 1271 400 16
1299 363 1556 414 distulerunt]

217 426 525 473 diffamaverunt,
536 421 900 459 disseminaverunt.
926 420 1118 470 malivoli]
1131 432 1239 458 more
1255 432 1325 458 suo
1339 420 1557 461 maledictis

169 494 189 524 5
217 484 499 524 aemulatorum
524 479 745 530 respondet.
790 477 840 518 17
863 478 1173 529 contaminasse]
1200 479 1405 518 inhoneste
1432 486 1559 520 trans-

216 549 400 583 mutasse.
428 538 484 579 20
499 537 708 588 bonorum]
724 543 939 589 poetarum,
953 537 1131 576 Plautum
1147 543 1185 576 et
1198 537 1379 591 Ennium,
1394 544 1559 578 ceteros

217 602 270 643 21
289 600 450 652 facere]
472 612 519 637 ex
539 597 705 636 aliorum
724 597 838 635 dictis
860 596 987 647 aliqua
1007 598 1047 635 in
1068 609 1136 635 sua
1158 598 1382 636 transferre.
1419 597 1473 637 23
1494 612 1557 638 re-

211 661 348 714 pente]
384 662 425 698 in
459 659 533 697 hoc
565 661 745 707 repente,
781 656 871 706 quia
902 657 1054 693 noviter
1089 656 1135 694 de
1172 655 1404 707 Carthagine
1440 660 1556 696 venit.

215 719 407 770 studium]
430 716 638 756 scribendi.
671 713 881 763 musicum]
897 714 1143 767 rythmicum,
1158 717 1248 765 quia
1261 721 1397 766 poetae
1413 718 1556 755 musici

147 789 188 820 1ο
214 782 415 819 vocantur.
467 774 523 815 24
555 773 743 823 amicum]
779 773 908 824 Scipio
940 773 1162 825 Africanus,
1193 773 1348 813 Laelius
1381 775 1559 827 Sapiens,

216 840 358 879 Furius
390 836 542 886 Philus,
574 834 673 871 iuris
705 834 874 884 peritus,
909 833 1024 870 amici
1056 837 1094 870 et
1124 834 1278 883 patroni
1310 833 1484 872 Terentii
1510 836 1556 873 B.

217 898 272 938 25
318 892 550 942 arbitrium]
596 892 795 930 iudicium.
871 889 923 930 27
970 891 1160 941 iniquom]
1205 904 1275 942 pro
1320 894 1557 943 iniquorum,

217 955 401 1006 aequom]
441 965 511 1005 pro
550 963 775 1001 aequorum.
832 948 886 989 28
925 950 1154 1000 crescendi]
1188 955 1316 988 vestro
1358 952 1486 990 favore
1520 957 1559 990 et

217 1017 466 1065 auctoritate,
499 1012 587 1062 quia
620 1011 721 1048 sicut
752 1013 890 1060 poetae
923 1013 1122 1061 crescunt,
1160 1010 1213 1047 ita
1249 1014 1286 1047 et
1319 1015 1559 1060 spectatores

146 1085 187 1115 15
215 1088 362 1115 eorum.
379 1074 467 1112 DE.
500 1068 673 1119 copiam]
696 1068 927 1106 facultatem.
961 1065 1015 1106 32
1038 1067 1214 1118 decesse]
1235 1080 1306 1118 pro
1327 1069 1561 1108 decessisse.

217 1133 375 1183 insano]
404 1143 515 1171 servo
544 1128 645 1179 [DE
668 1129 768 1166 add:
794 1126 854 1165 vel
879 1126 1046 1177 poetae]
1091 1126 1258 1176 serviat]
1287 1127 1368 1166 scil.
1390 1127 1559 1179 populus

215 1194 340 1233 dando
379 1193 415 1230 ei
452 1190 591 1228 locum.
649 1184 704 1225 35
742 1188 879 1225 adeste
915 1197 1043 1234 aequo
1081 1185 1230 1235 animo]
1273 1186 1447 1225 adestote
1479 1199 1559 1225 non

214 1254 301 1305 plus
334 1253 507 1290 faventes
544 1246 744 1285 maledicis
778 1257 893 1296 quam
925 1244 1048 1282 nobis.
1106 1242 1160 1283 38
1186 1245 1452 1295 sycophanta]
1487 1247 1560 1284 im-

214 1318 348 1364 postor
379 1309 440 1347 vel
477 1306 733 1346 calumniator
764 1304 824 1342 vel
863 1303 986 1341 fallax.
1036 1301 1092 1341 42
1126 1306 1264 1351 aliqua
1298 1304 1415 1354 paq-3]
1454 1306 1557 1343 voci-

143 1381 188 1412 20
214 1373 352 1410 feratio
383 1371 424 1407 in
456 1365 667 1406 recitando.
717 1361 773 1402 46
801 1362 929 1412 pura]
964 1362 1127 1413 simplex
1153 1363 1259 1413 DM,
1292 1364 1382 1413 quia
1414 1365 1454 1401 in
1486 1363 1558 1401 hag

214 1430 341 1469 fabula
368 1427 527 1467 eaedem
552 1435 743 1475 personae
777 1427 867 1460 sunt
894 1433 991 1472 quae
1020 1426 1057 1459 et
1083 1421 1183 1471 apud
1209 1421 1423 1460 Menandri.
1468 1434 1559 1460 nam

214 1492 254 1528 in
299 1489 442 1528 ceteris
487 1483 627 1523 fabulis
671 1494 861 1532 personae
906 1485 1107 1519 mutantur
1151 1481 1253 1519 sicut
1294 1480 1443 1518 Gnatho
1486 1494 1557 1532 pro

215 1549 363 1588 Colace.
377 1548 421 1585 E.
454 1542 510 1583 50
530 1544 685 1582 servire
705 1543 850 1580 vostris
869 1538 1099 1589 commodis]
1115 1544 1266 1577 vestrae
1289 1539 1448 1578 utilitati
1467 1552 1558 1590 pro—

214 1609 327 1646 desse
348 1605 536 1654 vobisque
556 1601 722 1652 placere.
756 1597 809 1638 51
833 1601 1055 1648 exemplum
1074 1598 1254 1648 statuite]
1279 1610 1385 1636 meas
1406 1598 1556 1637 fabulas

143 1677 187 1706 25
213 1667 381 1717 henigne
414 1661 617 1702 audiendo.

842 1739 869 1792 Ι,
898 1738 933 1778 1.

302 1816 574 1856 Menedemum
598 1824 732 1850 senem
759 1824 800 1849 se
827 1811 1117 1848 excruciantem
1143 1822 1231 1848 cum
1257 1814 1383 1848 rastro
1404 1811 1445 1848 in
1465 1822 1557 1861 agro

214 1890 307 1930 prae
334 1875 466 1914 dolore
488 1873 558 1912 filii
584 1871 794 1922 alloquitur
814 1871 865 1907 ita
887 1868 1084 1907 Chremes.
1126 1866 1147 1906 1
1170 1881 1300 1919 nuper
1325 1869 1556 1920 [tantoniam]

214 1937 323 1975 valde
350 1935 511 1973 noviter.
563 1930 587 1970 2
616 1930 733 1979 acteo]
762 1929 939 1967 maxime.
991 1926 1014 1966 7
1038 1932 1207 1977 praeter
1233 1927 1420 1978 aetatem]
1449 1933 1559 1966 extra

143 2006 188 2037 30
214 1996 373 2035 modum
406 1998 444 2031 et
474 2002 680 2030 mensuras
712 1988 938 2027 senectutis.
989 1985 1013 2026 8
1041 1986 1124 2036 res]
1157 1986 1313 2025 utilitas.
1364 1984 1417 2025 12
1444 1999 1556 2027 nemo

215 2054 350 2104 habet]
384 2063 554 2102 zeugma.
606 2046 837 2098 compluris]
878 2045 959 2084 scil.
998 2044 1129 2083 hahes.
1188 2044 1241 2085 16
1270 2045 1417 2096 fundo]
1451 2058 1555 2096 agro.

215 2114 358 2153 fundus
397 2116 526 2150 autem
564 2109 707 2147 dicitur
745 2118 836 2157 ager
874 2118 895 2143 a
932 2104 1148 2156 fundendo,
1190 2117 1234 2142 eo
1277 2104 1380 2155 quod
1422 2104 1558 2143 fundat

216 2174 376 2211 fructus.
417 2168 472 2209 20
495 2166 690 2219 paenitet]
715 2177 853 2217 parum
873 2164 1026 2202 videtur
1046 2165 1091 2212 E,
1119 2165 1230 2202 oneri
1256 2168 1315 2202 est
1340 2163 1435 2201 mihi
1455 2164 1557 2212 DM,

216 2232 327 2270 doleo
360 2232 397 2269 C.
448 2226 501 2267 21
531 2225 746 2274 consumis]
775 2223 968 2275 deperdis.
1021 2221 1075 2261 26
1102 2222 1279 2272 monere]
1306 2227 1349 2261 ut
1375 2224 1554 2260 amicum.

210 2288 467 2343 percontari]
512 2292 555 2325 ut
596 2284 838 2323 solummodo
881 2283 1018 2333 sciam,
1063 2293 1182 2332 quare
1226 2283 1278 2320 ita
1321 2286 1358 2319 te
1403 2281 1555 2332 affligis.

311 2383 353 2414 11
380 2377 524 2423 Philus]
549 2375 648 2421 pilus
673 2374 722 2409 D.
