1681 2576
105 490 125 521 01

81 783 122 813 10

79 1075 120 1106 15

75 1369 120 1400 20

79 1958 124 1988 30

153 140 209 181 54
400 140 426 175 Ι.
466 139 615 174 Scholia
641 150 658 173 e
686 139 812 175 Servio
839 141 877 174 et
900 140 1089 175 Prisciano
1115 141 1246 186 petita.

240 251 356 288 Andr.
378 251 404 301 Ι,
427 249 463 301 1,
486 248 538 288 79
567 253 605 289 ee'
628 250 766 299 melai]
800 251 836 288 ei
862 262 1077 300 1·›1·onomen
1105 251 1255 289 dativus
1283 264 1394 290 casus
1421 257 1491 303 cst,

153 310 255 360 quod
287 310 513 347 Priscianus
552 309 722 347 declarat
754 310 794 346 in
833 310 959 359 primo
992 310 1091 347 libro
1131 309 1257 361 verbi,
1295 309 1362 348 ubi
1394 311 1487 348 dixit

152 369 270 405 timeo
298 372 335 406 et
361 372 492 406 metuo
519 367 633 405 verba
669 379 754 405 esse
787 367 973 419 absoluta,
1007 380 1095 406 cum
1122 370 1337 418 iunguntur
1364 369 1489 406 dativo

153 438 262 477 casu,
300 432 342 464 ut
374 426 582 464 Terentius
621 428 658 464 in
693 426 836 464 Andria
870 427 1057 465 ostendit:
1090 425 1190 464 ‘eius
1223 429 1323 465 vitae
1356 424 1489 465 timeo'

153 489 191 523 et
223 482 275 522 ‘ei
306 486 430 522 metui
462 497 481 522 a
515 481 718 535 Chryside’
753 484 798 536 [1,
819 482 933 534 391}
983 487 1024 523 G.

241 565 295 569 —
328 543 356 595 I,
385 541 421 595 1,
450 541 530 581 121
565 549 608 582 ut
639 542 725 593 qui]
763 543 964 581 relativum
1001 556 1070 594 per
1103 544 1361 582 desectionem
1393 543 1491 582 alius

151 602 316 640 casualis
354 603 476 653 partis
511 603 549 640 id
595 607 653 640 est
690 603 933 652 pronominis
977 603 1174 653 profertur
1221 603 1293 641 boc
1331 602 1414 641 loco
1454 607 1491 639 et

150 660 400 711 intelligitur:
433 665 476 699 ut
508 660 554 698 ab
587 673 644 712 eo,
678 662 746 710 qui
778 672 819 698 se
853 660 971 698 filiam
1004 666 1119 711 neget
1151 661 1349 713 daturum,
1389 661 1490 711 quod

149 719 374 758 Priscianus
417 720 530 757 docet
570 721 609 757 in
656 720 959 757 constructionis
1003 721 1129 770 primo
1173 719 1291 772 libro,
1334 719 1401 758 ubi
1444 720 1489 756 de

145 774 287 829 'eclipsi
320 778 418 821 dixit
452 776 649 827 [II,128].
700 779 742 815 G.

238 859 292 863 —-
325 836 352 888 I,
379 835 416 888 2,
446 835 467 874 1
508 849 584 875 non
619 835 835 885 dubiumst]
876 836 939 874 hic
977 838 1102 887 prima
1140 848 1307 887 persona
1344 849 1415 887 per
1448 849 1488 874 se

148 895 322 946 loquitur
355 895 525 933 secunda
558 900 595 933 et
626 896 742 932 tertia
775 894 1019 946 absentibus,
1051 900 1094 933 ut
1126 897 1354 946 saepissime
1388 895 1489 946 apud

149 955 319 992 comicos
356 954 534 992 videmus
573 953 705 991 induci
743 965 949 1005 personas,
994 966 1091 1004 quae
1130 955 1236 1004 ipsae
1275 954 1321 991 ad
1355 966 1394 991 se
1433 953 1488 991 lo-

148 1017 338 1064 quuntur,
377 1012 480 1063 quod
512 1012 737 1050 Priscianus
777 1013 816 1050 iu
858 1014 984 1063 primo
1026 1012 1125 1049 libro
1167 1011 1277 1050 verbi
1321 1012 1491 1050 ostendit

150 1071 194 1123 [Ι,
220 1069 337 1121 448]
387 1073 429 1109 G.

237 1152 291 1156 —
324 1130 351 1181 Ι,
373 1128 410 1181 2,
432 1127 485 1168 12
514 1129 659 1179 astute]
694 1134 791 1180 astu,
818 1129 920 1179 quod
948 1134 1007 1167 est
1036 1141 1178 1167 nomen
1204 1128 1490 1180 indeclinabile,

146 1189 334 1227 malitiam
361 1194 399 1226 et
424 1188 515 1226 inde
542 1193 690 1226 astutos
720 1189 878 1238 proprie
905 1187 1120 1226 malitiosos
1147 1199 1342 1240 vocamus,
1374 1188 1490 1238 unde,

146 1253 354 1298 postquam
382 1259 517 1285 servus
543 1247 590 1285 de
618 1247 775 1284 domino
802 1246 916 1284 dixit:
949 1251 1087 1298 astute,
1114 1248 1237 1284 iratus
1263 1248 1347 1297 ipse
1375 1246 1490 1284 dixit:

147 1307 321 1345 carnifex
336 1319 432 1357 quae
447 1305 632 1357 loquitur,
647 1305 863 1343 secundum
875 1305 1053 1343 Servium
1068 1306 1109 1342 in
1119 1304 1170 1342 XI
1181 1304 1280 1342 libro
1295 1302 1427 1354 [704]
1444 1306 1491 1344 D.

236 1387 290 1391 —
305 1365 333 1417 Ι,
345 1363 449 1417 2,28
466 1363 594 1414 Dave]
616 1366 804 1402 iratorum
824 1368 884 1401 est
903 1365 1063 1414 proprio
1084 1365 1241 1401 nomine
1262 1365 1331 1415 uti,
1352 1368 1394 1402 ut
1408 1363 1491 1401 Vir-

147 1424 263 1474 gilius
282 1425 321 1461 in
341 1425 467 1474 primo
483 1423 653 1461 Aneidos
669 1420 809 1472 [140]:
829 1427 980 1460 vestras
994 1422 1096 1460 Eure
1112 1422 1248 1460 domos
1263 1422 1418 1472 [Serv]
1444 1423 1491 1461 D.

237 1505 291 1509 —-
324 1482 351 1534 Ι,
377 1480 416 1534 5,
443 1481 467 1519 2
507 1494 585 1531 pro
618 1481 751 1531 deum]
786 1482 1070 1519 interiectionis
1108 1480 1193 1518 loco
1232 1482 1392 1531 ponitur
1427 1481 1488 1519 hic

147 1554 217 1592 pro
261 1546 298 1579 et
339 1540 677 1592 circumflectitur,
721 1545 764 1578 ut
803 1539 1009 1577 Sallustius
1052 1541 1091 1577 in
1130 1539 1374 1578 Catilinario:
1418 1552 1488 1591 pro

149 1600 264 1638 deum
297 1604 411 1650 atque
443 1599 646 1637 hominum
678 1599 807 1650 fidem,
839 1598 1038 1636 Prisciano
1070 1602 1238 1636 testante
1270 1600 1311 1637 in
1342 1597 1412 1636 XII
1444 1599 1490 1637 d‘o

105 1663 118 1680 ⁷
148 1658 520 1710 praepositionibus,
553 1670 649 1709 quae
683 1657 847 1695 ablativo
879 1659 1095 1707 iunguntur
1128 1656 1191 1708 [II,
1210 1654 1297 1707 49].
1343 1658 1389 1695 D.

238 1740 292 1744 —
324 1717 370 1768 II,
393 1715 429 1768 1,
450 1716 474 1756 6
508 1716 619 1766 velis]
652 1728 723 1767 pro
750 1718 979 1766 imperativo
1013 1715 1260 1753 suhiunctivo
1291 1728 1387 1754 usus
1420 1722 1491 1764 est,

150 1776 252 1826 quod
292 1775 417 1813 solent
455 1779 634 1813 auctores
667 1775 894 1825 frequenter
928 1774 1056 1812 facere
1089 1778 1131 1812 ut
1162 1774 1266 1812 idem
1298 1775 1338 1812 in
1370 1774 1490 1812 Phor-

148 1836 296 1872 mione:
341 1834 515 1885 desinaS,
554 1835 611 1871 sic
646 1839 705 1871 est
740 1834 942 1883 ingenium
974 1832 1201 1884 mulierum,
1238 1845 1310 1883 pro
1343 1833 1491 1884 desine,

151 1893 367 1931 secundum
417 1892 659 1931 Priscianum
713 1892 759 1929 de
811 1893 1100 1930 constructione
1153 1891 1491 1930 subiunctivorum

153 1952 215 2004 [ΙΙ,
242 1949 357 2001 255]
405 1952 450 1989 D.

234 2033 288 2037 ——
320 2010 365 2063 II,
394 2008 430 2062 1,
459 2007 513 2048 10
546 2014 586 2047 lu
619 2011 655 2047 si
685 2010 750 2047 hic
781 2007 852 2058 sis]
886 2013 988 2060 nota,
1021 2008 1124 2058 quod
1160 2020 1246 2046 sese
1279 2009 1490 2048 ostendens

152 2065 257 2107 ‘hic'
284 2069 398 2121 dixit,
438 2070 479 2106 in
514 2080 589 2118 qua
620 2067 953 2105 demonstratione
986 2066 1227 2117 intellegitur
1259 2079 1329 2117 ego
1362 2069 1489 2106 etiam.

150 2127 374 2166 Priscianus
407 2127 453 2164 de
487 2127 778 2164 constructione
811 2125 874 2177 [ΙΙ,
896 2123 1008 2175 191]
1055 2127 1100 2165 D.

248 2232 264 2261 1
292 2230 385 2263 idem
407 2229 481 2271 fere
505 2228 665 2263 scholion
690 2227 738 2262 ad
762 2238 815 2262 vv.
837 2230 912 2262 210
941 2231 973 2261 et
997 2229 1067 2261 419
1093 2227 1265 2270 scriptum
1290 2227 1332 2260 in
1360 2227 1393 2261 G
1424 2238 1492 2262 esse

150 2276 304 2318 videtur,
334 2276 394 2310 sed
424 2286 523 2310 nunc
548 2286 672 2319 pauca
702 2274 863 2317 frustula
894 2274 1074 2319 leguntur.
1201 2276 1221 2306 6
1248 2271 1358 2318 alius]
1392 2272 1490 2308 aliu'.

153 2325 196 2355 10
228 2321 372 2367 eclipsi]
411 2321 489 2358 ede.
654 2324 697 2354 14
728 2320 833 2355 verbi
865 2331 930 2355 om.
1093 2323 1136 2354 21
1169 2320 1330 2365 uestras]
1369 2320 1491 2355 duras.

153 2372 206 2403 ⁶27.
235 2372 279 2403 28
305 2368 404 2403 idem
428 2368 468 2402 in
493 2367 633 2402 Andria
658 2366 889 2402 Phormione.
1000 2370 1043 2400 32
1072 2366 1162 2401 ‘hic’
1190 2378 1256 2401 om.
