<?xml version="1.0" encoding="UTF-8"?>
<!DOCTYPE html PUBLIC "-//W3C//DTD XHTML 1.0 Transitional//EN"
    "http://www.w3.org/TR/xhtml1/DTD/xhtml1-transitional.dtd">
<html xmlns="http://www.w3.org/1999/xhtml" xml:lang="en" lang="en">
 <head>
  <title>
</title>
<meta http-equiv="Content-Type" content="text/html;charset=utf-8" />
  <meta name='ocr-system' content='tesseract 3.04.00' />
  <meta name='ocr-capabilities' content='ocr_page ocr_carea ocr_par ocr_line ocrx_word'/>
</head>
<body>
  <div class='ocr_page' id='page_1' title='image "./scholiaterentian00schluoft_0076.png"; bbox 0 0 1681 2576; ppageno 0'>
   <div class='ocr_carea' id='block_1_1' title="bbox 189 121 1286 170">
    <p class='ocr_par' dir='ltr' id='par_1_1' title="bbox 189 121 1286 170">
     <span class='ocr_line' id='line_1_1' title="bbox 189 121 1286 170; baseline -0.006 -8"><span class='ocrx_word' id='word_1_1' title='bbox 189 130 245 170; x_wconf 83' lang='lat'>64</span> <span class='ocrx_word' id='word_1_2' title='bbox 437 127 462 161; x_wconf 91' lang='grc'>1.</span> <span class='ocrx_word' id='word_1_3' title='bbox 503 124 653 161; x_wconf 81' lang='lat' dir='ltr'>Scholia</span> <span class='ocrx_word' id='word_1_4' title='bbox 679 135 697 159; x_wconf 91' lang='lat' dir='ltr'>e</span> <span class='ocrx_word' id='word_1_5' title='bbox 725 123 851 159; x_wconf 80' lang='lat' dir='ltr'>Servio</span> <span class='ocrx_word' id='word_1_6' title='bbox 878 124 916 158; x_wconf 83' lang='lat' dir='ltr'>et:</span> <span class='ocrx_word' id='word_1_7' title='bbox 940 122 1131 157; x_wconf 80' lang='lat' dir='ltr'>Prisciano</span> <span class='ocrx_word' id='word_1_8' title='bbox 1156 121 1286 166; x_wconf 75' lang='lat' dir='ltr'>petita.</span> 
     </span>
    </p>
   </div>
   <div class='ocr_carea' id='block_1_2' title="bbox 126 229 1540 813">
    <p class='ocr_par' dir='ltr' id='par_1_2' title="bbox 189 229 1533 348">
     <span class='ocr_line' id='line_1_2' title="bbox 189 229 1533 285; baseline -0.007 -9"><span class='ocrx_word' id='word_1_9' title='bbox 189 238 331 277; x_wconf 79' lang='lat' dir='ltr'>mobile</span> <span class='ocrx_word' id='word_1_10' title='bbox 365 242 423 275; x_wconf 83' lang='lat' dir='ltr'>est</span> <span class='ocrx_word' id='word_1_11' title='bbox 453 241 491 274; x_wconf 91' lang='lat' dir='ltr'>et</span> <span class='ocrx_word' id='word_1_12' title='bbox 517 241 577 274; x_wconf 87' lang='lat' dir='ltr'>est</span> <span class='ocrx_word' id='word_1_13' title='bbox 603 235 877 273; x_wconf 80' lang='lat' dir='ltr'>diminutivum</span> <span class='ocrx_word' id='word_1_14' title='bbox 904 246 923 271; x_wconf 88' lang='lat' dir='ltr'>a</span> <span class='ocrx_word' id='word_1_15' title='bbox 949 233 1049 285; x_wconf 80' lang='lat' dir='ltr'>plus,</span> <span class='ocrx_word' id='word_1_16' title='bbox 1082 233 1193 271; x_wconf 82' lang='lat' dir='ltr'>cuius</span> <span class='ocrx_word' id='word_1_17' title='bbox 1219 232 1408 283; x_wconf 56' lang='lat' dir='ltr'>positivus</span> <span class='ocrx_word' id='word_1_18' title='bbox 1435 229 1533 268; x_wconf 88' lang='lat' dir='ltr'>mul-</span> 
     </span>
     <span class='ocr_line' id='line_1_3' title="bbox 189 289 1091 348; baseline -0.007 -13"><span class='ocrx_word' id='word_1_19' title='bbox 189 303 285 348; x_wconf 84' lang='lat' dir='ltr'>tum,</span> <span class='ocrx_word' id='word_1_20' title='bbox 316 296 517 334; x_wconf 87' lang='lat' dir='ltr'>Prisciano</span> <span class='ocrx_word' id='word_1_21' title='bbox 550 293 737 345; x_wconf 81' lang='lat' dir='ltr'><strong>probante</strong></span> <span class='ocrx_word' id='word_1_22' title='bbox 772 292 817 345; x_wconf 98' lang='grc'>[1,</span> <span class='ocrx_word' id='word_1_23' title='bbox 844 289 958 342; x_wconf 85' lang='grc'><strong>104]</strong></span> <span class='ocrx_word' id='word_1_24' title='bbox 1004 292 1091 330; x_wconf 86' lang='lat' dir='ltr'>GE.</span> 
     </span>
    </p>

    <p class='ocr_par' dir='ltr' id='par_1_3' title="bbox 192 350 1535 459">
     <span class='ocr_line' id='line_1_4' title="bbox 280 350 1535 405; baseline -0.006 -12"><span class='ocrx_word' id='word_1_25' title='bbox 280 355 431 393; x_wconf 86' lang='lat' dir='ltr'>Phorm.</span> <span class='ocrx_word' id='word_1_26' title='bbox 459 353 518 405; x_wconf 79' lang='lat' dir='ltr'>IV,</span> <span class='ocrx_word' id='word_1_27' title='bbox 537 351 577 405; x_wconf 85' lang='lat'>4,</span> <span class='ocrx_word' id='word_1_28' title='bbox 603 351 628 392; x_wconf 84' lang='lat'>6</span> <span class='ocrx_word' id='word_1_29' title='bbox 661 351 720 402; x_wconf 89' lang='lat' dir='ltr'>ut]</span> <span class='ocrx_word' id='word_1_30' title='bbox 757 356 800 390; x_wconf 88' lang='lat' dir='ltr'>ut</span> <span class='ocrx_word' id='word_1_31' title='bbox 834 352 907 389; x_wconf 87' lang='lat' dir='ltr'>hoc</span> <span class='ocrx_word' id='word_1_32' title='bbox 943 350 1026 389; x_wconf 83' lang='lat' dir='ltr'>loco</span> <span class='ocrx_word' id='word_1_33' title='bbox 1063 350 1258 399; x_wconf 79' lang='lat' dir='ltr'>significat</span> <span class='ocrx_word' id='word_1_34' title='bbox 1291 350 1440 387; x_wconf 89' lang='lat' dir='ltr'>utinam</span> <span class='ocrx_word' id='word_1_35' title='bbox 1476 359 1535 385; x_wconf 83' lang='lat' dir='ltr'>se-</span> 
     </span>
     <span class='ocr_line' id='line_1_5' title="bbox 192 405 1371 459; baseline -0.005 -7"><span class='ocrx_word' id='word_1_36' title='bbox 192 414 363 453; x_wconf 86' lang='lat' dir='ltr'>cundum</span> <span class='ocrx_word' id='word_1_37' title='bbox 394 413 638 450; x_wconf 76' lang='lat' dir='ltr'>priscianum</span> <span class='ocrx_word' id='word_1_38' title='bbox 670 411 715 449; x_wconf 89' lang='lat' dir='ltr'>de</span> <span class='ocrx_word' id='word_1_39' title='bbox 749 411 1040 449; x_wconf 84' lang='lat' dir='ltr'>constructione</span> <span class='ocrx_word' id='word_1_40' title='bbox 1074 408 1136 459; x_wconf 91' lang='grc' dir='ltr'>[ΙΙ,</span> <span class='ocrx_word' id='word_1_41' title='bbox 1163 405 1278 457; x_wconf 84' lang='grc'>240]</span> <span class='ocrx_word' id='word_1_42' title='bbox 1324 409 1371 446; x_wconf 84' lang='lat' dir='ltr'>D.</span> 
     </span>
    </p>

    <p class='ocr_par' dir='ltr' id='par_1_4' title="bbox 146 466 1540 687">
     <span class='ocr_line' id='line_1_6' title="bbox 146 466 1540 524; baseline -0.006 -13"><span class='ocrx_word' id='word_1_43' title='bbox 146 480 165 511; x_wconf 86' lang='lat'>5</span> <span class='ocrx_word' id='word_1_44' title='bbox 284 495 338 498; x_wconf 96' lang='lat'><strong>—</strong></span> <span class='ocrx_word' id='word_1_45' title='bbox 364 471 406 524; x_wconf 82' lang='lat' dir='ltr'>V,</span> <span class='ocrx_word' id='word_1_46' title='bbox 428 469 466 523; x_wconf 93' lang='grc'>1,</span> <span class='ocrx_word' id='word_1_47' title='bbox 486 468 512 510; x_wconf 83' lang='lat'>5</span> <span class='ocrx_word' id='word_1_48' title='bbox 545 482 637 509; x_wconf 75' lang='lat' dir='ltr'>nam</span> <span class='ocrx_word' id='word_1_49' title='bbox 664 468 784 519; x_wconf 82' lang='lat' dir='ltr'>quae]</span> <span class='ocrx_word' id='word_1_50' title='bbox 811 481 882 520; x_wconf 89' lang='lat' dir='ltr'>pro</span> <span class='ocrx_word' id='word_1_51' title='bbox 909 480 1006 519; x_wconf 87' lang='lat' dir='ltr'>quae</span> <span class='ocrx_word' id='word_1_52' title='bbox 1033 479 1133 506; x_wconf 87' lang='lat' dir='ltr'>nam.</span> <span class='ocrx_word' id='word_1_53' title='bbox 1177 466 1291 504; x_wconf 88' lang='lat' dir='ltr'>hodic</span> <span class='ocrx_word' id='word_1_54' title='bbox 1319 467 1424 504; x_wconf 85' lang='lat' dir='ltr'>enim</span> <span class='ocrx_word' id='word_1_55' title='bbox 1450 477 1540 503; x_wconf 86' lang='lat' dir='ltr'>nam</span> 
     </span>
     <span class='ocr_line' id='line_1_7' title="bbox 193 524 1537 582; baseline -0.006 -13"><span class='ocrx_word' id='word_1_56' title='bbox 193 530 383 582; x_wconf 87' lang='lat' dir='ltr'>particula</span> <span class='ocrx_word' id='word_1_57' title='bbox 427 530 696 580; x_wconf 72' lang='lat' dir='ltr'>postponitur,</span> <span class='ocrx_word' id='word_1_58' title='bbox 741 532 852 566; x_wconf 83' lang='lat' dir='ltr'>antea</span> <span class='ocrx_word' id='word_1_59' title='bbox 893 526 1216 577; x_wconf 77' lang='lat' dir='ltr'>praeponebatur.</span> <span class='ocrx_word' id='word_1_60' title='bbox 1272 524 1458 575; x_wconf 81' lang='lat' dir='ltr'>Virgilius</span> <span class='ocrx_word' id='word_1_61' title='bbox 1500 525 1537 561; x_wconf 90' lang='lat' dir='ltr'>in</span> 
     </span>
     <span class='ocr_line' id='line_1_8' title="bbox 193 583 1539 639; baseline -0.005 -11"><span class='ocrx_word' id='word_1_62' title='bbox 193 589 241 628; x_wconf 89' lang='lat' dir='ltr'>IV</span> <span class='ocrx_word' id='word_1_63' title='bbox 267 588 486 639; x_wconf 81' lang='lat' dir='ltr'>Georgicon</span> <span class='ocrx_word' id='word_1_64' title='bbox 514 585 655 638; x_wconf 81' lang='lat'>[445]:</span> <span class='ocrx_word' id='word_1_65' title='bbox 688 598 777 625; x_wconf 88' lang='lat' dir='ltr'>nam</span> <span class='ocrx_word' id='word_1_66' title='bbox 804 587 890 636; x_wconf 88' lang='lat' dir='ltr'>quis</span> <span class='ocrx_word' id='word_1_67' title='bbox 917 591 954 623; x_wconf 89' lang='lat' dir='ltr'>te</span> <span class='ocrx_word' id='word_1_68' title='bbox 982 587 1177 637; x_wconf 79' lang='lat' dir='ltr'>iuvenum,</span> <span class='ocrx_word' id='word_1_69' title='bbox 1210 584 1424 622; x_wconf 86' lang='lat' dir='ltr'>secundum</span> <span class='ocrx_word' id='word_1_70' title='bbox 1451 583 1539 621; x_wconf 78' lang='lat' dir='ltr'>Scr-</span> 
     </span>
     <span class='ocr_line' id='line_1_9' title="bbox 193 649 399 687; baseline 0.005 -2"><span class='ocrx_word' id='word_1_71' title='bbox 193 650 309 687; x_wconf 81' lang='lat' dir='ltr'>vium.</span> <span class='ocrx_word' id='word_1_72' title='bbox 352 649 399 686; x_wconf 80' lang='lat' dir='ltr'>D.</span> 
     </span>
    </p>

    <p class='ocr_par' dir='ltr' id='par_1_5' title="bbox 284 702 1540 757">
     <span class='ocr_line' id='line_1_10' title="bbox 284 702 1540 757; baseline -0.005 -13"><span class='ocrx_word' id='word_1_73' title='bbox 284 729 338 733; x_wconf 89' lang='lat'><em>-</em></span> <span class='ocrx_word' id='word_1_74' title='bbox 365 706 406 757; x_wconf 79' lang='lat' dir='ltr'>V,</span> <span class='ocrx_word' id='word_1_75' title='bbox 433 705 471 757; x_wconf 80' lang='lat'>8,</span> <span class='ocrx_word' id='word_1_76' title='bbox 499 704 552 745; x_wconf 78' lang='lat'>86</span> <span class='ocrx_word' id='word_1_77' title='bbox 586 707 627 743; x_wconf 71' lang='lat' dir='ltr'>in</span> <span class='ocrx_word' id='word_1_78' title='bbox 653 707 757 743; x_wconf 80' lang='lat' dir='ltr'>solas</span> <span class='ocrx_word' id='word_1_79' title='bbox 784 702 934 752; x_wconf 81' lang='lat' dir='ltr'>terras]</span> <span class='ocrx_word' id='word_1_80' title='bbox 969 702 1007 740; x_wconf 92' lang='lat' dir='ltr'>id</span> <span class='ocrx_word' id='word_1_81' title='bbox 1035 707 1094 740; x_wconf 85' lang='lat' dir='ltr'>est</span> <span class='ocrx_word' id='word_1_82' title='bbox 1120 702 1306 753; x_wconf 80' lang='lat' dir='ltr'>desertas,</span> <span class='ocrx_word' id='word_1_83' title='bbox 1337 706 1381 739; x_wconf 90' lang='lat' dir='ltr'>ut</span> <span class='ocrx_word' id='word_1_84' title='bbox 1406 712 1540 751; x_wconf 75' lang='lat' dir='ltr'>supra:</span> 
     </span>
    </p>

    <p class='ocr_par' dir='ltr' id='par_1_6' title="bbox 126 759 1540 813">
     <span class='ocr_line' id='line_1_11' title="bbox 126 759 1540 813; baseline -0.005 -9"><span class='ocrx_word' id='word_1_85' title='bbox 126 773 167 804; x_wconf 90' lang='lat'>10</span> <span class='ocrx_word' id='word_1_86' title='bbox 195 767 301 804; x_wconf 86' lang='lat' dir='ltr'>venit</span> <span class='ocrx_word' id='word_1_87' title='bbox 332 765 541 803; x_wconf 85' lang='lat' dir='ltr'>meditatus</span> <span class='ocrx_word' id='word_1_88' title='bbox 574 776 619 801; x_wconf 85' lang='lat' dir='ltr'>ex</span> <span class='ocrx_word' id='word_1_89' title='bbox 654 762 736 801; x_wconf 84' lang='lat' dir='ltr'>solo</span> <span class='ocrx_word' id='word_1_90' title='bbox 763 761 860 813; x_wconf 69' lang='lat' dir='ltr'>loco7</span> <span class='ocrx_word' id='word_1_91' title='bbox 893 761 1108 799; x_wconf 81' lang='lat' dir='ltr'>secundum</span> <span class='ocrx_word' id='word_1_92' title='bbox 1134 760 1312 798; x_wconf 73' lang='lat' dir='ltr'>Serrium</span> <span class='ocrx_word' id='word_1_93' title='bbox 1339 761 1379 797; x_wconf 93' lang='lat' dir='ltr'>in</span> <span class='ocrx_word' id='word_1_94' title='bbox 1400 759 1429 795; x_wconf 74' lang='lat' dir='ltr'>V</span> <span class='ocrx_word' id='word_1_95' title='bbox 1449 760 1540 797; x_wconf 45' lang='lat' dir='ltr'>aen.</span> 
     </span>
    </p>
   </div>
   <div class='ocr_carea' id='block_1_3' title="bbox 196 822 1078 961">
    <p class='ocr_par' dir='ltr' id='par_1_7' title="bbox 196 822 1078 961">
     <span class='ocr_line' id='line_1_12' title="bbox 196 822 424 874; baseline -0.013 -10"><span class='ocrx_word' id='word_1_96' title='bbox 196 822 330 874; x_wconf 85' lang='grc'>[613]</span> <span class='ocrx_word' id='word_1_97' title='bbox 377 824 424 862; x_wconf 85' lang='lat' dir='ltr'>D.</span> 
     </span>
     <span class='ocr_line' id='line_1_13' title="bbox 662 918 1078 961; baseline -0.007 -6"><span class='ocrx_word' id='word_1_98' title='bbox 662 920 701 955; x_wconf 84' lang='lat'>5.</span> <span class='ocrx_word' id='word_1_99' title='bbox 742 918 814 953; x_wconf 85' lang='lat' dir='ltr'>Ad</span> <span class='ocrx_word' id='word_1_100' title='bbox 843 918 1078 961; x_wconf 78' lang='lat' dir='ltr'>Hecyram.</span> 
     </span>
    </p>
   </div>
   <div class='ocr_carea' id='block_1_4' title="bbox 130 1006 1553 2173">
    <p class='ocr_par' dir='ltr' id='par_1_8' title="bbox 286 1006 1541 1061">
     <span class='ocr_line' id='line_1_14' title="bbox 286 1006 1541 1061; baseline -0.004 -13"><span class='ocrx_word' id='word_1_101' title='bbox 286 1010 376 1048; x_wconf 88' lang='lat' dir='ltr'>Hec.</span> <span class='ocrx_word' id='word_1_102' title='bbox 392 1010 419 1061; x_wconf 89' lang='grc' dir='ltr'>Ι,</span> <span class='ocrx_word' id='word_1_103' title='bbox 436 1007 472 1061; x_wconf 93' lang='grc'>1,</span> <span class='ocrx_word' id='word_1_104' title='bbox 490 1008 511 1048; x_wconf 93' lang='grc'><strong>1</strong></span> <span class='ocrx_word' id='word_1_105' title='bbox 529 1022 607 1059; x_wconf 77' lang='lat' dir='ltr'>per</span> <span class='ocrx_word' id='word_1_106' title='bbox 623 1012 693 1058; x_wconf 75' lang='lat' dir='ltr'>pol</span> <span class='ocrx_word' id='word_1_107' title='bbox 711 1020 829 1057; x_wconf 77' lang='lat' dir='ltr'>quam</span> <span class='ocrx_word' id='word_1_108' title='bbox 846 1006 1018 1057; x_wconf 79' lang='lat' dir='ltr'>paucos]</span> <span class='ocrx_word' id='word_1_109' title='bbox 1040 1006 1078 1044; x_wconf 88' lang='lat' dir='ltr'>id</span> <span class='ocrx_word' id='word_1_110' title='bbox 1099 1011 1158 1044; x_wconf 86' lang='lat' dir='ltr'>est</span> <span class='ocrx_word' id='word_1_111' title='bbox 1177 1018 1366 1057; x_wconf 76' lang='lat' dir='ltr'>perquam</span> <span class='ocrx_word' id='word_1_112' title='bbox 1386 1018 1541 1057; x_wconf 86' lang='lat' dir='ltr'>paucos.</span> 
     </span>
    </p>

    <p class='ocr_par' dir='ltr' id='par_1_9' title="bbox 130 1064 1544 1235">
     <span class='ocr_line' id='line_1_15' title="bbox 130 1064 1544 1121; baseline -0.004 -13"><span class='ocrx_word' id='word_1_113' title='bbox 130 1078 171 1108; x_wconf 85' lang='lat'>15</span> <span class='ocrx_word' id='word_1_114' title='bbox 198 1069 262 1121; x_wconf 87' lang='lat' dir='ltr'>pol</span> <span class='ocrx_word' id='word_1_115' title='bbox 296 1070 401 1107; x_wconf 87' lang='lat' dir='ltr'>enim</span> <span class='ocrx_word' id='word_1_116' title='bbox 434 1080 505 1119; x_wconf 85' lang='lat' dir='ltr'>per</span> <span class='ocrx_word' id='word_1_117' title='bbox 537 1080 578 1105; x_wconf 86' lang='lat' dir='ltr'>se.</span> <span class='ocrx_word' id='word_1_118' title='bbox 610 1067 769 1118; x_wconf 88' lang='lat' dir='ltr'>plenum</span> <span class='ocrx_word' id='word_1_119' title='bbox 796 1067 962 1105; x_wconf 86' lang='lat' dir='ltr'>iurantis</span> <span class='ocrx_word' id='word_1_120' title='bbox 989 1064 1216 1103; x_wconf 79' lang='lat' dir='ltr'>adverbium</span> <span class='ocrx_word' id='word_1_121' title='bbox 1243 1069 1313 1117; x_wconf 70' lang='lat' dir='ltr'>est,</span> <span class='ocrx_word' id='word_1_122' title='bbox 1345 1066 1409 1103; x_wconf 83' lang='lat' dir='ltr'>oui</span> <span class='ocrx_word' id='word_1_123' title='bbox 1434 1077 1544 1115; x_wconf 89' lang='lat' dir='ltr'>prae-</span> 
     </span>
     <span class='ocr_line' id='line_1_16' title="bbox 197 1123 1543 1179; baseline -0.004 -13"><span class='ocrx_word' id='word_1_124' title='bbox 197 1129 342 1179; x_wconf 79' lang='lat' dir='ltr'>positio</span> <span class='ocrx_word' id='word_1_125' title='bbox 380 1139 593 1177; x_wconf 81' lang='lat' dir='ltr'>numquam</span> <span class='ocrx_word' id='word_1_126' title='bbox 635 1127 843 1177; x_wconf 87' lang='lat' dir='ltr'>separatim</span> <span class='ocrx_word' id='word_1_127' title='bbox 877 1125 1076 1175; x_wconf 76' lang='lat' dir='ltr'>cohaeret,</span> <span class='ocrx_word' id='word_1_128' title='bbox 1118 1123 1333 1162; x_wconf 86' lang='lat' dir='ltr'>secundum</span> <span class='ocrx_word' id='word_1_129' title='bbox 1366 1123 1543 1162; x_wconf 87' lang='lat' dir='ltr'>Servium</span> 
     </span>
     <span class='ocr_line' id='line_1_17' title="bbox 199 1183 654 1235; baseline -0.004 -10"><span class='ocrx_word' id='word_1_130' title='bbox 199 1190 238 1225; x_wconf 91' lang='lat' dir='ltr'>in</span> <span class='ocrx_word' id='word_1_131' title='bbox 264 1187 281 1225; x_wconf 93' lang='lat' dir='ltr'>I</span> <span class='ocrx_word' id='word_1_132' title='bbox 306 1187 398 1225; x_wconf 87' lang='lat' dir='ltr'>Aen.</span> <span class='ocrx_word' id='word_1_133' title='bbox 427 1183 560 1235; x_wconf 82' lang='grc'><strong>[644]</strong></span> <span class='ocrx_word' id='word_1_134' title='bbox 607 1186 654 1223; x_wconf 79' lang='lat' dir='ltr'>D.</span> 
     </span>
    </p>

    <p class='ocr_par' dir='ltr' id='par_1_10' title="bbox 200 1241 1545 1353">
     <span class='ocr_line' id='line_1_18' title="bbox 289 1241 1545 1297; baseline -0.005 -13"><span class='ocrx_word' id='word_1_135' title='bbox 289 1268 343 1272; x_wconf 93' lang='lat'>-—</span> <span class='ocrx_word' id='word_1_136' title='bbox 370 1245 398 1297; x_wconf 94' lang='grc' dir='ltr'>Ι,</span> <span class='ocrx_word' id='word_1_137' title='bbox 425 1243 462 1296; x_wconf 94' lang='grc'>2,</span> <span class='ocrx_word' id='word_1_138' title='bbox 490 1242 543 1282; x_wconf 92' lang='grc'>32</span> <span class='ocrx_word' id='word_1_139' title='bbox 577 1242 721 1293; x_wconf 73' lang='lat' dir='ltr'>tacita]</span> <span class='ocrx_word' id='word_1_140' title='bbox 755 1243 842 1280; x_wconf 89' lang='lat' dir='ltr'>ideo</span> <span class='ocrx_word' id='word_1_141' title='bbox 874 1243 1003 1292; x_wconf 81' lang='lat' dir='ltr'>tacita,</span> <span class='ocrx_word' id='word_1_142' title='bbox 1036 1242 1126 1291; x_wconf 86' lang='lat' dir='ltr'>quia</span> <span class='ocrx_word' id='word_1_143' title='bbox 1151 1241 1275 1278; x_wconf 88' lang='lat' dir='ltr'>maior</span> <span class='ocrx_word' id='word_1_144' title='bbox 1301 1245 1360 1279; x_wconf 85' lang='lat' dir='ltr'>cst</span> <span class='ocrx_word' id='word_1_145' title='bbox 1385 1242 1545 1279; x_wconf 82' lang='lat' dir='ltr'>tacitur-</span> 
     </span>
     <span class='ocr_line' id='line_1_19' title="bbox 200 1299 1544 1353; baseline -0.004 -11"><span class='ocrx_word' id='word_1_146' title='bbox 200 1305 334 1343; x_wconf 83' lang='lat' dir='ltr'>nitatis</span> <span class='ocrx_word' id='word_1_147' title='bbox 374 1304 553 1353; x_wconf 80' lang='lat' dir='ltr'>effectus,</span> <span class='ocrx_word' id='word_1_148' title='bbox 591 1308 634 1340; x_wconf 91' lang='lat' dir='ltr'>ut</span> <span class='ocrx_word' id='word_1_149' title='bbox 665 1301 866 1352; x_wconf 75' lang='lat' dir='ltr'>Virgilius:</span> <span class='ocrx_word' id='word_1_150' title='bbox 910 1301 1072 1338; x_wconf 81' lang='lat' dir='ltr'>tacitum</span> <span class='ocrx_word' id='word_1_151' title='bbox 1112 1304 1376 1350; x_wconf 85' lang='lat' dir='ltr'>pertemptant</span> <span class='ocrx_word' id='word_1_152' title='bbox 1408 1299 1544 1350; x_wconf 83' lang='lat' dir='ltr'>gaudia</span> 
     </span>
    </p>

    <p class='ocr_par' dir='ltr' id='par_1_11' title="bbox 132 1358 1304 1414">
     <span class='ocr_line' id='line_1_20' title="bbox 132 1358 1304 1414; baseline -0.006 -12"><span class='ocrx_word' id='word_1_153' title='bbox 132 1372 176 1402; x_wconf 81' lang='lat'>20</span> <span class='ocrx_word' id='word_1_154' title='bbox 201 1368 351 1414; x_wconf 72' lang='lat' dir='ltr'>peetus,</span> <span class='ocrx_word' id='word_1_155' title='bbox 385 1364 426 1400; x_wconf 86' lang='lat' dir='ltr'>in</span> <span class='ocrx_word' id='word_1_156' title='bbox 457 1361 473 1399; x_wconf 95' lang='lat' dir='ltr'>I</span> <span class='ocrx_word' id='word_1_157' title='bbox 499 1361 590 1399; x_wconf 80' lang='lat' dir='ltr'>Aen.</span> <span class='ocrx_word' id='word_1_158' title='bbox 620 1358 741 1411; x_wconf 78' lang='lat'>[502]</span> <span class='ocrx_word' id='word_1_159' title='bbox 776 1359 992 1398; x_wconf 85' lang='lat' dir='ltr'>secundum</span> <span class='ocrx_word' id='word_1_160' title='bbox 1025 1358 1213 1396; x_wconf 75' lang='lat' dir='ltr'>Servium,</span> <span class='ocrx_word' id='word_1_161' title='bbox 1258 1359 1304 1396; x_wconf 84' lang='lat' dir='ltr'>D.</span> 
     </span>
    </p>

    <p class='ocr_par' dir='ltr' id='par_1_12' title="bbox 203 1416 1548 1591">
     <span class='ocr_line' id='line_1_21' title="bbox 293 1416 1548 1472; baseline -0.003 -14"><span class='ocrx_word' id='word_1_162' title='bbox 293 1444 346 1448; x_wconf 94' lang='lat'><em>-</em></span> <span class='ocrx_word' id='word_1_163' title='bbox 368 1421 396 1472; x_wconf 88' lang='grc' dir='ltr'>Ι,</span> <span class='ocrx_word' id='word_1_164' title='bbox 416 1419 454 1472; x_wconf 93' lang='grc'>2,</span> <span class='ocrx_word' id='word_1_165' title='bbox 469 1417 526 1459; x_wconf 82' lang='grc'>64</span> <span class='ocrx_word' id='word_1_166' title='bbox 542 1418 677 1469; x_wconf 76' lang='lat' dir='ltr'>potus]</span> <span class='ocrx_word' id='word_1_167' title='bbox 698 1424 813 1469; x_wconf 85' lang='lat' dir='ltr'>potus</span> <span class='ocrx_word' id='word_1_168' title='bbox 832 1418 1083 1469; x_wconf 78' lang='lat' dir='ltr'>participium</span> <span class='ocrx_word' id='word_1_169' title='bbox 1101 1416 1263 1467; x_wconf 89' lang='lat' dir='ltr'>protulit</span> <span class='ocrx_word' id='word_1_170' title='bbox 1283 1428 1368 1455; x_wconf 87' lang='lat' dir='ltr'>esse</span> <span class='ocrx_word' id='word_1_171' title='bbox 1382 1416 1548 1454; x_wconf 87' lang='lat' dir='ltr'>Priscia-</span> 
     </span>
     <span class='ocr_line' id='line_1_22' title="bbox 204 1475 1548 1530; baseline -0.004 -12"><span class='ocrx_word' id='word_1_172' title='bbox 204 1493 279 1519; x_wconf 88' lang='lat' dir='ltr'>nus</span> <span class='ocrx_word' id='word_1_173' title='bbox 306 1482 346 1517; x_wconf 91' lang='lat' dir='ltr'>in</span> <span class='ocrx_word' id='word_1_174' title='bbox 373 1479 472 1517; x_wconf 89' lang='lat' dir='ltr'>libro</span> <span class='ocrx_word' id='word_1_175' title='bbox 499 1478 532 1516; x_wconf 95' lang='lat' dir='ltr'>II</span> <span class='ocrx_word' id='word_1_176' title='bbox 558 1478 679 1530; x_wconf 70' lang='lat' dir='ltr'>verbi7</span> <span class='ocrx_word' id='word_1_177' title='bbox 705 1477 772 1516; x_wconf 89' lang='lat' dir='ltr'>ubi</span> <span class='ocrx_word' id='word_1_178' title='bbox 798 1490 819 1515; x_wconf 94' lang='lat' dir='ltr'>a</span> <span class='ocrx_word' id='word_1_179' title='bbox 844 1475 1086 1514; x_wconf 84' lang='lat' dir='ltr'>neutralibus</span> <span class='ocrx_word' id='word_1_180' title='bbox 1112 1475 1242 1513; x_wconf 84' lang='lat' dir='ltr'>verbis</span> <span class='ocrx_word' id='word_1_181' title='bbox 1262 1476 1548 1514; x_wconf 83' lang='lat' dir='ltr'>vetustissimos</span> 
     </span>
     <span class='ocr_line' id='line_1_23' title="bbox 203 1533 1472 1591; baseline -0.008 -14"><span class='ocrx_word' id='word_1_182' title='bbox 203 1539 411 1591; x_wconf 88' lang='lat' dir='ltr'>participia</span> <span class='ocrx_word' id='word_1_183' title='bbox 443 1538 537 1575; x_wconf 77' lang='lat' dir='ltr'>dicit</span> <span class='ocrx_word' id='word_1_184' title='bbox 568 1537 745 1587; x_wconf 89' lang='lat' dir='ltr'>proferre</span> <span class='ocrx_word' id='word_1_185' title='bbox 779 1535 824 1588; x_wconf 91' lang='grc'>[1,</span> <span class='ocrx_word' id='word_1_186' title='bbox 849 1533 966 1585; x_wconf 78' lang='grc'>483]</span> <span class='ocrx_word' id='word_1_187' title='bbox 1010 1536 1056 1573; x_wconf 88' lang='grc' dir='ltr'>Ε.</span> <span class='ocrx_word' id='word_1_188' title='bbox 1467 1559 1472 1567; x_wconf 83' lang='grc'><strong>.</strong></span> 
     </span>
    </p>

    <p class='ocr_par' dir='ltr' id='par_1_13' title="bbox 294 1592 1549 1648">
     <span class='ocr_line' id='line_1_24' title="bbox 294 1592 1549 1648; baseline -0.004 -13"><span class='ocrx_word' id='word_1_189' title='bbox 294 1620 348 1624; x_wconf 96' lang='lat'>—</span> <span class='ocrx_word' id='word_1_190' title='bbox 376 1597 403 1648; x_wconf 92' lang='grc' dir='ltr'>Ι,</span> <span class='ocrx_word' id='word_1_191' title='bbox 431 1595 468 1648; x_wconf 92' lang='grc'>2,</span> <span class='ocrx_word' id='word_1_192' title='bbox 497 1593 579 1634; x_wconf 88' lang='grc'>102</span> <span class='ocrx_word' id='word_1_193' title='bbox 614 1593 919 1645; x_wconf 79' lang='lat' dir='ltr'>complusculos]</span> <span class='ocrx_word' id='word_1_194' title='bbox 953 1592 1242 1644; x_wconf 82' lang='lat' dir='ltr'>complusculus</span> <span class='ocrx_word' id='word_1_195' title='bbox 1275 1592 1549 1631; x_wconf 83' lang='lat' dir='ltr'>diminutivum</span> 
     </span>
    </p>

    <p class='ocr_par' dir='ltr' id='par_1_14' title="bbox 132 1650 1548 1764">
     <span class='ocr_line' id='line_1_25' title="bbox 132 1650 1548 1706; baseline -0.005 -11"><span class='ocrx_word' id='word_1_196' title='bbox 132 1664 176 1696; x_wconf 81' lang='lat'>25</span> <span class='ocrx_word' id='word_1_197' title='bbox 203 1657 294 1695; x_wconf 79' lang='lat' dir='ltr'>facit</span> <span class='ocrx_word' id='word_1_198' title='bbox 320 1656 625 1706; x_wconf 80' lang='lat' dir='ltr'>comparativum</span> <span class='ocrx_word' id='word_1_199' title='bbox 651 1653 750 1705; x_wconf 83' lang='lat' dir='ltr'>plus⁷</span> <span class='ocrx_word' id='word_1_200' title='bbox 777 1654 888 1692; x_wconf 84' lang='lat' dir='ltr'>cuius</span> <span class='ocrx_word' id='word_1_201' title='bbox 914 1653 1105 1703; x_wconf 75' lang='lat' dir='ltr'>positivus</span> <span class='ocrx_word' id='word_1_202' title='bbox 1131 1651 1308 1703; x_wconf 80' lang='lat' dir='ltr'>multum,</span> <span class='ocrx_word' id='word_1_203' title='bbox 1336 1651 1438 1701; x_wconf 86' lang='lat' dir='ltr'>quod</span> <span class='ocrx_word' id='word_1_204' title='bbox 1465 1650 1548 1688; x_wconf 89' lang='lat' dir='ltr'>Pri-</span> 
     </span>
     <span class='ocr_line' id='line_1_26' title="bbox 206 1708 1068 1764; baseline -0.006 -11"><span class='ocrx_word' id='word_1_205' title='bbox 206 1717 362 1753; x_wconf 74' lang='lat' dir='ltr'>scianus</span> <span class='ocrx_word' id='word_1_206' title='bbox 396 1714 554 1764; x_wconf 87' lang='lat' dir='ltr'>quidem</span> <span class='ocrx_word' id='word_1_207' title='bbox 587 1712 757 1751; x_wconf 86' lang='lat' dir='ltr'>declarat</span> <span class='ocrx_word' id='word_1_208' title='bbox 790 1711 836 1763; x_wconf 88' lang='grc'>[1,</span> <span class='ocrx_word' id='word_1_209' title='bbox 863 1708 977 1760; x_wconf 85' lang='grc'><strong>104]</strong></span> <span class='ocrx_word' id='word_1_210' title='bbox 1023 1711 1068 1748; x_wconf 83' lang='grc' dir='ltr'>Ε.</span> 
     </span>
    </p>

    <p class='ocr_par' dir='ltr' id='par_1_15' title="bbox 206 1768 1550 1938">
     <span class='ocr_line' id='line_1_27' title="bbox 295 1768 1550 1823; baseline -0.006 -12"><span class='ocrx_word' id='word_1_211' title='bbox 295 1796 349 1800; x_wconf 87' lang='grc'>-</span> <span class='ocrx_word' id='word_1_212' title='bbox 375 1772 421 1823; x_wconf 89' lang='grc' dir='ltr'>ΙΙ,</span> <span class='ocrx_word' id='word_1_213' title='bbox 449 1770 486 1823; x_wconf 92' lang='grc'>1,</span> <span class='ocrx_word' id='word_1_214' title='bbox 515 1769 568 1810; x_wconf 86' lang='grc'>16</span> <span class='ocrx_word' id='word_1_215' title='bbox 596 1770 786 1819; x_wconf 74' lang='lat' dir='ltr'>exorere]</span> <span class='ocrx_word' id='word_1_216' title='bbox 809 1771 965 1808; x_wconf 85' lang='lat' dir='ltr'>exorior</span> <span class='ocrx_word' id='word_1_217' title='bbox 991 1769 1177 1820; x_wconf 60' lang='lat' dir='ltr'>exorem,</span> <span class='ocrx_word' id='word_1_218' title='bbox 1204 1769 1359 1806; x_wconf 82' lang='lat' dir='ltr'>exorior</span> <span class='ocrx_word' id='word_1_219' title='bbox 1383 1768 1550 1805; x_wconf 86' lang='lat' dir='ltr'>exoriris</span> 
     </span>
     <span class='ocr_line' id='line_1_28' title="bbox 206 1825 1550 1882; baseline -0.006 -12"><span class='ocrx_word' id='word_1_220' title='bbox 206 1833 413 1882; x_wconf 83' lang='lat' dir='ltr'>utriusque</span> <span class='ocrx_word' id='word_1_221' title='bbox 446 1835 485 1868; x_wconf 82' lang='lat' dir='ltr'>et</span> <span class='ocrx_word' id='word_1_222' title='bbox 515 1831 653 1868; x_wconf 81' lang='lat' dir='ltr'>tertiae</span> <span class='ocrx_word' id='word_1_223' title='bbox 681 1834 718 1867; x_wconf 88' lang='lat' dir='ltr'>et</span> <span class='ocrx_word' id='word_1_224' title='bbox 745 1833 904 1879; x_wconf 84' lang='lat' dir='ltr'>quartae</span> <span class='ocrx_word' id='word_1_225' title='bbox 934 1828 1218 1878; x_wconf 83' lang='lat' dir='ltr'>coniugationis</span> <span class='ocrx_word' id='word_1_226' title='bbox 1245 1827 1441 1864; x_wconf 85' lang='lat' dir='ltr'>invenitur</span> <span class='ocrx_word' id='word_1_227' title='bbox 1466 1825 1550 1863; x_wconf 86' lang='lat' dir='ltr'>Pri-</span> 
     </span>
     <span class='ocr_line' id='line_1_29' title="bbox 208 1883 1291 1938; baseline -0.006 -9"><span class='ocrx_word' id='word_1_228' title='bbox 208 1892 339 1930; x_wconf 80' lang='lat' dir='ltr'>seiano</span> <span class='ocrx_word' id='word_1_229' title='bbox 371 1891 412 1927; x_wconf 88' lang='lat' dir='ltr'>in</span> <span class='ocrx_word' id='word_1_230' title='bbox 438 1888 491 1927; x_wconf 94' lang='lat' dir='ltr'>III</span> <span class='ocrx_word' id='word_1_231' title='bbox 516 1888 616 1926; x_wconf 90' lang='lat' dir='ltr'>libro</span> <span class='ocrx_word' id='word_1_232' title='bbox 649 1887 759 1925; x_wconf 70' lang='lat' dir='ltr'>verbi</span> <span class='ocrx_word' id='word_1_233' title='bbox 789 1886 979 1938; x_wconf 87' lang='lat' dir='ltr'>probante</span> <span class='ocrx_word' id='word_1_234' title='bbox 1014 1886 1058 1937; x_wconf 90' lang='grc'>[1,</span> <span class='ocrx_word' id='word_1_235' title='bbox 1084 1883 1200 1935; x_wconf 78' lang='grc'><strong>501]</strong></span> <span class='ocrx_word' id='word_1_236' title='bbox 1245 1886 1291 1923; x_wconf 88' lang='grc' dir='ltr'>Ε.</span> 
     </span>
    </p>

    <p class='ocr_par' dir='ltr' id='par_1_16' title="bbox 136 1943 1553 2173">
     <span class='ocr_line' id='line_1_30' title="bbox 136 1943 1553 2000; baseline -0.006 -11"><span class='ocrx_word' id='word_1_237' title='bbox 136 1959 180 1989; x_wconf 87' lang='lat'>30</span> <span class='ocrx_word' id='word_1_238' title='bbox 296 1971 350 1976; x_wconf 85' lang='lat'>—</span> <span class='ocrx_word' id='word_1_239' title='bbox 377 1948 418 2000; x_wconf 77' lang='lat' dir='ltr'>V,</span> <span class='ocrx_word' id='word_1_240' title='bbox 445 1946 483 1999; x_wconf 91' lang='grc'>3,</span> <span class='ocrx_word' id='word_1_241' title='bbox 511 1945 564 1986; x_wconf 83' lang='grc'>38</span> <span class='ocrx_word' id='word_1_242' title='bbox 594 1945 768 1995; x_wconf 72' lang='lat' dir='ltr'>quaesti]</span> <span class='ocrx_word' id='word_1_243' title='bbox 795 1958 866 1996; x_wconf 89' lang='lat' dir='ltr'>pro</span> <span class='ocrx_word' id='word_1_244' title='bbox 894 1950 1078 1996; x_wconf 83' lang='lat' dir='ltr'>quaestus</span> <span class='ocrx_word' id='word_1_245' title='bbox 1104 1945 1319 1994; x_wconf 84' lang='lat' dir='ltr'>antiquitus</span> <span class='ocrx_word' id='word_1_246' title='bbox 1344 1943 1553 1994; x_wconf 80' lang='lat' dir='ltr'>prolatum,</span> 
     </span>
     <span class='ocr_line' id='line_1_31' title="bbox 207 2001 1552 2056; baseline -0.005 -10"><span class='ocrx_word' id='word_1_247' title='bbox 207 2013 249 2047; x_wconf 83' lang='lat' dir='ltr'>ut</span> <span class='ocrx_word' id='word_1_248' title='bbox 280 2009 321 2046; x_wconf 89' lang='lat' dir='ltr'>in</span> <span class='ocrx_word' id='word_1_249' title='bbox 352 2006 497 2045; x_wconf 88' lang='lat' dir='ltr'>Andria</span> <span class='ocrx_word' id='word_1_250' title='bbox 528 2005 649 2043; x_wconf 87' lang='lat' dir='ltr'>idem:</span> <span class='ocrx_word' id='word_1_251' title='bbox 682 2006 820 2056; x_wconf 75' lang='lat' dir='ltr'>ornati,</span> <span class='ocrx_word' id='word_1_252' title='bbox 850 2003 1019 2056; x_wconf 74' lang='lat' dir='ltr'>tumulti,</span> <span class='ocrx_word' id='word_1_253' title='bbox 1052 2008 1089 2041; x_wconf 90' lang='lat' dir='ltr'>et</span> <span class='ocrx_word' id='word_1_254' title='bbox 1122 2004 1161 2040; x_wconf 88' lang='lat' dir='ltr'>in</span> <span class='ocrx_word' id='word_1_255' title='bbox 1194 2002 1395 2053; x_wconf 87' lang='lat' dir='ltr'>Adelphis:</span> <span class='ocrx_word' id='word_1_256' title='bbox 1433 2001 1552 2040; x_wconf 82' lang='lat' dir='ltr'>fructi</span> 
     </span>
     <span class='ocr_line' id='line_1_32' title="bbox 207 2060 1550 2118; baseline -0.005 -14"><span class='ocrx_word' id='word_1_257' title='bbox 207 2078 278 2118; x_wconf 90' lang='lat' dir='ltr'>pro</span> <span class='ocrx_word' id='word_1_258' title='bbox 310 2066 478 2116; x_wconf 70' lang='lat' dir='ltr'>fructus,</span> <span class='ocrx_word' id='word_1_259' title='bbox 511 2069 549 2102; x_wconf 87' lang='lat' dir='ltr'>et</span> <span class='ocrx_word' id='word_1_260' title='bbox 579 2065 621 2102; x_wconf 92' lang='lat' dir='ltr'>in</span> <span class='ocrx_word' id='word_1_261' title='bbox 651 2063 902 2101; x_wconf 87' lang='lat' dir='ltr'>Phormione:</span> <span class='ocrx_word' id='word_1_262' title='bbox 944 2064 1027 2100; x_wconf 84' lang='lat' dir='ltr'>eius</span> <span class='ocrx_word' id='word_1_263' title='bbox 1061 2061 1215 2099; x_wconf 86' lang='lat' dir='ltr'>adventi</span> <span class='ocrx_word' id='word_1_264' title='bbox 1246 2073 1317 2112; x_wconf 90' lang='lat' dir='ltr'>pro</span> <span class='ocrx_word' id='word_1_265' title='bbox 1350 2060 1550 2110; x_wconf 82' lang='lat' dir='ltr'>adventus,</span> 
     </span>
     <span class='ocr_line' id='line_1_33' title="bbox 207 2118 1191 2173; baseline -0.005 -10"><span class='ocrx_word' id='word_1_266' title='bbox 207 2125 408 2163; x_wconf 85' lang='lat' dir='ltr'>Prisciano</span> <span class='ocrx_word' id='word_1_267' title='bbox 440 2128 539 2162; x_wconf 86' lang='lat' dir='ltr'>teste</span> <span class='ocrx_word' id='word_1_268' title='bbox 572 2123 613 2160; x_wconf 88' lang='lat' dir='ltr'>in</span> <span class='ocrx_word' id='word_1_269' title='bbox 639 2121 685 2159; x_wconf 83' lang='lat' dir='ltr'>VI</span> <span class='ocrx_word' id='word_1_270' title='bbox 718 2123 887 2160; x_wconf 89' lang='lat' dir='ltr'>nominis</span> <span class='ocrx_word' id='word_1_271' title='bbox 921 2121 966 2173; x_wconf 92' lang='grc'>[1,</span> <span class='ocrx_word' id='word_1_272' title='bbox 987 2118 1102 2170; x_wconf 78' lang='grc'>257]</span> <span class='ocrx_word' id='word_1_273' title='bbox 1147 2121 1191 2159; x_wconf 91' lang='lat' dir='ltr'>E.</span> 
     </span>
    </p>
   </div>
   <div class='ocr_carea' id='block_1_5' title="bbox 305 2199 413 2202">
    <p class='ocr_par' dir='ltr' id='par_1_17' title="bbox 305 2199 413 2202">
     <span class='ocr_line' id='line_1_34' title="bbox 305 2199 413 2202; baseline 0 0"><span class='ocrx_word' id='word_1_274' title='bbox 305 2199 413 2202; x_wconf 95' lang='lat' dir='ltr'> </span> 
     </span>
    </p>
   </div>
   <div class='ocr_carea' id='block_1_6' title="bbox 210 2229 1552 2319">
    <p class='ocr_par' dir='ltr' id='par_1_18' title="bbox 210 2229 1552 2319">
     <span class='ocr_line' id='line_1_35' title="bbox 306 2229 1552 2281; baseline -0.006 -11"><span class='ocrx_word' id='word_1_275' title='bbox 306 2241 323 2270; x_wconf 88' lang='lat'>1</span> <span class='ocrx_word' id='word_1_276' title='bbox 346 2238 453 2281; x_wconf 70' lang='lat' dir='ltr'>prius</span> <span class='ocrx_word' id='word_1_277' title='bbox 479 2236 535 2269; x_wconf 75' lang='lat' dir='ltr'>est</span> <span class='ocrx_word' id='word_1_278' title='bbox 559 2245 625 2271; x_wconf 87' lang='lat' dir='ltr'>om.</span> <span class='ocrx_word' id='word_1_279' title='bbox 654 2235 697 2271; x_wconf 75' lang='lat' dir='ltr'>G.</span> <span class='ocrx_word' id='word_1_280' title='bbox 795 2238 815 2268; x_wconf 81' lang='lat'><strong>2</strong></span> <span class='ocrx_word' id='word_1_281' title='bbox 841 2232 1031 2268; x_wconf 82' lang='lat' dir='ltr'>Prisciano</span> <span class='ocrx_word' id='word_1_282' title='bbox 1056 2232 1238 2278; x_wconf 79' lang='lat' dir='ltr'>probante</span> <span class='ocrx_word' id='word_1_283' title='bbox 1273 2232 1318 2276; x_wconf 79' lang='lat' dir='ltr'>G,</span> <span class='ocrx_word' id='word_1_284' title='bbox 1349 2230 1449 2275; x_wconf 89' lang='lat' dir='ltr'>quod</span> <span class='ocrx_word' id='word_1_285' title='bbox 1473 2229 1552 2264; x_wconf 88' lang='lat' dir='ltr'>Pri-</span> 
     </span>
     <span class='ocr_line' id='line_1_36' title="bbox 210 2282 568 2319; baseline -0.003 -1"><span class='ocrx_word' id='word_1_286' title='bbox 210 2284 357 2319; x_wconf 81' lang='lat' dir='ltr'>scianus</span> <span class='ocrx_word' id='word_1_287' title='bbox 384 2283 497 2317; x_wconf 68' lang='lat' dir='ltr'>refert,</span> <span class='ocrx_word' id='word_1_288' title='bbox 523 2282 568 2317; x_wconf 88' lang='grc' dir='ltr'>Ε.</span> 
     </span>
    </p>
   </div>
  </div>
 </body>
</html>
