1681 2576
202 112 284 153 126
610 107 902 144 Commentarius
927 107 1123 151 antiquior.

815 218 856 270 l,
881 216 919 256 4.

289 291 457 341 Clitipho
485 289 699 328 secundum
726 288 933 327 consilium
960 289 1047 339 Syri
1080 293 1213 326 exorat
1239 294 1401 326 matrem
1428 300 1538 326 suam

201 352 432 402 Sostratam,
484 353 676 399 quatenus
721 349 757 385 ei
801 348 919 399 (licat,
971 348 1037 397 qui
1082 352 1173 384 sunt
1216 348 1300 385 eius
1344 351 1536 398 parentes.

204 409 228 448 2
256 414 389 448 vostra
416 407 634 456 voluntate]
661 419 739 444 non
764 410 912 444 natura.
966 406 992 445 6
1019 408 1161 445 hocine
1186 405 1398 456 quaesisti]
1426 417 1538 443 num-

155 477 174 507 5
204 467 295 519 quid
323 472 484 518 propter
508 466 582 504 hoc
608 466 872 516 interrogasti,
896 469 939 502 ut
958 465 1110 502 diceres
1136 469 1173 502 le
1200 477 1277 502 11011
1304 477 1388 503 esse
1416 464 1539 503 filium

202 524 409 565 nostrum?
466 522 520 564 10
549 524 690 574 qerro]
724 535 838 573 gcrro
864 525 1088 562 nominatur
1120 523 1304 575 insulsus,
1337 525 1540 574 insipiens,

202 587 340 624 fatuus.
413 596 525 635 gerra
566 585 670 621 enim
712 582 856 620 dicitur
900 583 1019 632 piscis
1061 582 1205 620 nullius
1248 584 1416 633 saporis,
1460 594 1539 620 non

195 638 313 695 'aptus
340 643 449 682 cibis.
499 642 619 693 aliqui
645 641 779 679 dicunt
811 652 923 691 gerra
954 641 1309 679 machinamentum
1340 641 1538 692 bellicum,

203 716 278 754 quo
306 702 501 753 quondam
526 702 588 739 usi
615 705 706 739 sunt
729 699 894 737 Romani
919 699 965 737 ad
991 700 1267 750 expugnandos
1293 712 1439 752 muros,
1472 699 1540 738 sed

136 771 177 801 10
203 762 300 800 nihil
331 761 521 812 proficere
554 763 777 810 potuerunt.
832 758 922 796 hinc
950 757 1210 809 Clitiphonem
1235 759 1477 797 inefficacem
1503 763 1543 796 et

205 823 288 859 sine
327 821 469 858 effectu
500 818 582 856 vult
619 818 850 868 significare.
895 818 931 855 D
964 818 1061 870 (bis,
1100 820 1140 856 in
1177 830 1303 865 marq.
1337 823 1375 856 et
1411 817 1539 866 infra)

209 880 353 925 CEM,·
392 884 635 928 postremam
673 881 833 926 partem
872 877 964 914 inde
996 877 1045 914 ab
1079 872 1241 926 ‘aliqui'
1274 888 1345 916 om.
1376 877 1418 915 G.
1463 873 1541 928 [es.

204 939 411 987 Euqraph.
445 939 500 976 ad
530 938 636 975 hune
668 932 777 986 loe]
842 933 967 984 iners]
1001 934 1130 986 piger,
1167 930 1340 986 ineptus,
1379 935 1543 973 inutilis.

200 996 338 1046 fraus]
381 995 662 1034 fraudulentus.
730 992 878 1043 helluo]
921 992 1060 1045 gluttO,
1102 1005 1229 1032 vorax.
1300 991 1350 1032 11
1391 992 1541 1043 yemeo]

136 1064 177 1095 15
204 1056 439 1095 luxuriosus.
494 1051 725 1102 damnosus]
754 1052 958 1103 dispendia
983 1053 1168 1090 inferens.
1221 1050 1274 1090 13
1298 1051 1542 1102 Minervam]

99 1116 104 1123 '
204 1115 415 1153 Minervam
443 1114 578 1151 dicunt
605 1124 690 1150 esse
719 1116 849 1150 natam
879 1124 925 1149 ex
950 1111 1050 1163 Iove,
1082 1111 1263 1149 videlicet
1295 1111 1342 1149 (le
1369 1110 1544 1162 cerebro,

205 1179 244 1213 et
275 1174 361 1212 ideo
395 1173 539 1211 dicitur
571 1171 641 1209 dea
673 1171 897 1221 memoriae,
930 1182 1044 1220 quam
1076 1171 1117 1208 in
1149 1169 1310 1208 cerebro
1337 1182 1422 1208 esse
1451 1182 1541 1209 con-

206 1238 291 1271 stat.
319 1233 419 1270 DM.
466 1229 517 1270 17
546 1228 784 1278 obsequere]
813 1228 1059 1280 obtemperes
1085 1230 1131 1267 D.
1181 1227 1233 1267 21
1263 1228 1438 1278 capiam]
1471 1241 1543 1279 pro

206 1293 389 1343 incipiam
421 1289 482 1328 vel
514 1290 708 1327 inveniam
741 1285 818 1339 [ef.
845 1285 961 1339 DGJ.

136 1429 180 1461 20
822 1417 863 1469 V,
889 1414 927 1455 5.

294 1491 544 1530 Menedemus
572 1488 781 1539 alloquitur
808 1479 1066 1539 Chremetem,
1092 1492 1134 1525 ut
1160 1487 1350 1525 acceleret
1375 1488 1544 1538 nuptias,

208 1553 287 1590 sive
319 1555 363 1589 ut
393 1552 567 1600 ignoscat
599 1547 677 1586 filio
711 1559 780 1585 suo
813 1546 1041 1598 Clitiphoni,
1082 1547 1115 1584 si
1146 1546 1292 1596 aliquid
1329 1550 1542 1596 peccasset.

210 1609 231 1649 1
261 1607 533 1657 Menedemus]
568 1619 712 1645 secum.
767 1604 792 1644 2
820 1604 1050 1654 inhumane]
1086 1605 1307 1643 crudeliter.
1359 1602 1388 1642 4
1413 1603 1541 1654 quod]

208 1674 405 1720 quantum.
477 1665 502 1706 6
541 1671 585 1704 ut
623 1664 726 1714 dem]
771 1664 851 1702 scil.
890 1664 1015 1702 vultis.
1089 1663 1113 1703 8
1154 1663 1330 1712 iquosce]
1373 1663 1542 1713 indulge.

137 1737 180 1769 25
210 1727 234 1766 9
274 1724 534 1777 pertendere]
578 1723 802 1774 adimplere.
875 1721 929 1761 10
967 1722 1085 1772 adeo]
1128 1728 1243 1760 certe.
1314 1720 1367 1760 12
1402 1721 1542 1771 pater]

209 1786 290 1825 scil.
317 1798 394 1824 11011
425 1795 597 1835 possum.
655 1785 711 1821 ad
739 1794 800 1821 me
831 1781 999 1831 recipio]
1033 1782 1073 1819 in
1102 1793 1227 1819 meam
1259 1780 1543 1832 providentiam

208 1845 317 1884 illum
350 1844 515 1895 accipio,
546 1846 590 1880 ut
621 1841 752 1892 faciat,
785 1840 887 1891 quod
918 1841 987 1878 vis.
1051 1838 1104 1879 16
1137 1839 1324 1889 lepidam]
1357 1839 1543 1877 honestae

209 1906 364 1942 formae.
439 1900 491 1941 18
531 1899 723 1949 eclesiam]
771 1898 1058 1950 lenticulosam,
1105 1898 1165 1937 vel
1209 1898 1332 1936 oculis
1376 1898 1545 1936 fellineis

209 1968 323 2014 atque
349 1960 549 2000 viridibus.
605 1957 763 2008 sparso]
790 1970 939 2008 magno.
998 1957 1173 2007 adunco]
1202 1969 1330 1996 curvo.
1389 1955 1441 1995 19
1469 1959 1544 1996 ele-

138 2032 182 2063 30
206 2021 326 2072 qaus]
359 2021 510 2072 peritus
543 2017 646 2056 filius
677 2022 767 2055 tuus
800 2018 840 2054 111
873 2016 1051 2067 eligendo
1085 2017 1258 2055 feminas.

303 2161 324 2192 8
350 2156 482 2202 aliqui]
509 2154 575 2190 alii
597 2154 632 2189 Ο.
695 2157 714 2187 9
740 2153 899 2188 Romani
921 2153 1047 2188 OEM
1049 2153 1088 2188 D
1107 2154 1231 2197 priore
1257 2153 1350 2195 loeo;
1374 2151 1413 2186 D
1433 2151 1546 2186 altero

210 2208 301 2242 loco.-
336 2205 478 2247 hostes3
519 2203 606 2237 ibid.
639 2205 724 2246 post
759 2211 883 2235 muros
924 2201 1027 2236 add..-
1063 2198 1355 2234 Atheniensium.
1397 2219 1438 2223 —
1478 2197 1543 2231 sed

210 2255 249 2288 D
269 2253 391 2298 priore
417 2252 479 2285 loe.
501 2250 556 2293 M,
581 2249 618 2283 et
639 2249 677 2282 D
703 2249 814 2283 altero
841 2249 901 2283 loc.
925 2248 1005 2283 GE.
1079 2251 1134 2282 10.
1158 2251 1198 2281 11
1226 2247 1264 2281 et
1289 2245 1366 2280 sine
1392 2244 1541 2289 effectu]

209 2300 270 2335 vel
301 2299 455 2334 stultum
486 2297 524 2331 D
551 2297 674 2341 priore
705 2296 798 2339 loco,
836 2296 874 2329 eb
906 2294 1062 2329 stultum
1087 2295 1139 2329 M.
1263 2296 1305 2327 16
1333 2292 1392 2338 de]
1419 2302 1464 2326 ex
1489 2292 1542 2327 M.

212 2352 255 2382 22
283 2346 314 2381 si
341 2367 382 2371 ——
409 2344 600 2390 peccasset
625 2353 689 2377 om.
716 2342 815 2377 DM.
