1681 2576
556 71 700 114 Hecyra
724 70 787 114 ΠΙ,
809 74 829 104 2
850 90 894 97 —
913 70 974 113 III,
996 73 1027 105 5.
1383 72 1468 113 145

120 180 325 219 amicabili.
389 178 443 221 33
483 180 683 231 abortum]
729 179 959 218 abortivum.
1019 178 1073 218 41
1114 181 1362 232 contexeres]
1403 195 1466 221 co-

119 241 285 289 operies.
330 239 519 278 hactenus
556 239 674 278 verba
710 239 859 277 matris.
915 236 971 277 42
1012 238 1219 289 certumst]
1260 239 1465 280 definitum

107 302 180 336 est
211 299 313 349 apud
350 311 424 337 me.
487 295 543 336 43
575 311 625 337 ne
656 297 854 347 utiquam]
894 309 1152 348 nequaquam.
1215 296 1271 338 48
1304 302 1466 338 missum

113 355 216 406 feei]
254 357 397 395 dimisi.
447 354 505 396 54
531 355 798 405 ableqandus]
832 356 1105 408 removendus,
1138 358 1465 397 transmittendus

118 416 159 452 in
191 415 435 466 legationem.
1516 427 1536 457 5

728 497 791 549 ΠΙ,
817 495 855 535 4.

204 574 454 625 Loquehatur
484 573 675 612 Parmeno
709 586 798 612 cum
825 573 947 625 Sosia,
980 575 1047 624 qui
1080 574 1208 612 fuerat
1240 587 1329 613 cum
1355 575 1465 613 Pam-

115 633 221 684 philo
254 633 355 672 ultra
386 645 504 671 mare.
570 630 594 670 3
628 646 673 671 re
706 632 809 682 ipsa]
844 633 1123 683 experimento.
1184 630 1210 672 5
1238 637 1464 683 praeterie-

116 691 192 742 ris]
231 693 448 730 transieris.
506 690 530 730 9
564 691 706 741 usque]
746 703 918 742 semper,
956 691 1124 730 assidue.
1179 689 1233 730 10
1266 693 1461 743 odiosam]

114 750 196 788 scil.
242 756 302 789 est
345 752 538 801 navigare.
601 752 714 789 haud
760 753 862 789 elam
906 762 967 788 me
1011 749 1084 799 est]
1130 762 1208 788 non
1252 763 1314 789 me
1358 750 1461 790 latet.
1492 762 1534 791 10

114 809 362 859 aufugserz‘m]
396 821 467 861 pro
501 810 696 859 aufugiam
729 809 929 847 dominum
962 820 1104 847 meum.
1157 806 1210 847 12
1245 816 1282 848 te
1313 822 1465 850 causae

114 870 368 917 impellebant
407 868 526 918 leves]
569 873 731 919 propter
771 868 876 906 leves
915 879 1052 905 causas
1092 867 1250 905 dicebas
1286 873 1325 906 te
1364 869 1463 919 fugi—

113 931 255 965 turum.
297 925 350 966 18
378 930 417 966 in
440 926 594 976 arcem]
623 926 669 964 ad
691 926 885 965 excelsam
904 932 1056 976 partem
1076 927 1256 965 civitatis.
1297 925 1350 965 19
1372 929 1462 977 My-

113 985 290 1035 conium]
325 985 371 1024 ab
404 985 531 1024 insula
556 985 730 1036 Mycono.
774 984 958 1034 conveni]
992 984 1227 1035 colloquere.
1272 983 1329 1024 24
1356 986 1460 1036 cola]

111 1056 183 1094 pro
216 1056 330 1083 curre
369 1046 569 1083 citissime.
639 1043 693 1083 26
727 1043 902 1093 caesius]
944 1043 983 1081 id
1023 1049 1081 1081 est
1116 1043 1373 1083 lenticulosus
1403 1046 1462 1084 vel
1492 1055 1533 1086 15

112 1108 273 1153 rugatus
300 1116 319 1141 a
341 1105 525 1142 caesuris.
566 1102 619 1142 27
643 1102 912 1152 cadaverosa]
935 1102 1076 1140 similis
1097 1102 1286 1141 cadaveri.
1326 1102 1380 1142 33
1403 1110 1461 1143 ta-

112 1173 200 1200 men
226 1167 271 1200 ut
291 1165 481 1211 pietatem
508 1162 598 1211 eta]
626 1166 788 1212 propter
814 1173 986 1199 amorem
1013 1173 1091 1199 non
1112 1166 1172 1199 est
1191 1163 1460 1213 postponenda

111 1225 244 1259 mater.
279 1218 334 1260 35
356 1220 474 1270 attat]
497 1221 804 1271 expavescentis.
839 1218 892 1259 36
914 1219 1094 1269 horsum]
1118 1221 1158 1258 in
1178 1220 1275 1259 hanc
1296 1228 1460 1271 partem.

723 1349 786 1400 111,
813 1347 851 1387 5

200 1425 348 1464 Laches
380 1426 613 1477 loquebatur
645 1439 734 1465 cum
759 1425 963 1476 Phidippo,
996 1426 1062 1476 qui
1089 1425 1240 1464 dixerat
1267 1426 1354 1464 ideo
1382 1440 1459 1466 11011
1486 1436 1530 1468 ‘20

110 1483 241 1522 redire
273 1484 560 1536 Philumenam,
599 1487 689 1536 quia
727 1485 851 1522 filium
883 1485 968 1522 eius
999 1483 1245 1535 Pamphilum
1277 1492 1457 1536 expecta-

110 1542 186 1581 bat.
236 1540 265 1581 4
297 1543 468 1594 eertum]
496 1545 742 1594 interruptio.
787 1542 1018 1592 offirmare]
1047 1543 1289 1581 confirmare.
1334 1545 1455 1594 viam]

109 1603 313 1640 rationem.
366 1602 390 1642 8
424 1602 654 1652 admodum]
683 1602 790 1641 valde
824 1601 938 1639 modo
975 1602 1015 1640 C.
1066 1599 1090 1640 9
1125 1604 1319 1651 voluptati
1348 1605 1456 1643 obse-

109 1660 251 1711 quens]
284 1661 484 1712 prodigus,
537 1660 590 1701 16
624 1664 690 1701 die
722 1663 883 1700 iussisse
908 1659 962 1709 te]
998 1659 1159 1698 silenter
1184 1660 1256 1699 hoe
1283 1662 1319 1699 ei
1346 1661 1456 1701 dixit.

113 1716 164 1758 17
204 1719 366 1770 fodere]
407 1720 487 1759 scil.
527 1720 637 1759 latus.
698 1718 751 1758 21
792 1718 1034 1768 memorare]
1077 1720 1227 1770 antiqui
1264 1732 1334 1770 pro
1376 1733 1456 1759 me·
1483 1733 1528 1762 ‘25

111 1780 257 1817 morari
288 1780 325 1817 C.
383 1777 440 1818 24
466 1792 653 1819 maxume
678 1784 776 1829 aput
802 1784 839 1817 te
865 1776 956 1827 eta]
985 1779 1151 1816 maxime
1178 1778 1362 1817 credulus
1389 1792 1456 1818 ero

111 1837 212 1886 apud
244 1842 293 1876 te.
345 1837 398 1877 27
433 1838 612 1888 quando]
642 1839 742 1889 quia.
794 1835 848 1876 33
872 1836 1140 1887 postpulasse]
1167 1837 1455 1888 posthabuisse.

111 1892 167 1933 39
192 1895 312 1946 miro]
340 1896 456 1935 fideli.
499 1895 554 1936 41
573 1895 842 1946 fortunatior]
864 1896 911 1934 de
926 1894 1045 1933 rebus
1061 1901 1094 1933 et
1113 1895 1272 1934 divitiis.
1303 1894 1359 1935 42
1377 1899 1455 1936 dis-

109 1954 251 2004 trahit]
298 1961 464 2006 separat.
531 1953 588 1996 46
623 1953 875 2006 perlitzace'a]
922 1955 962 1991 in
1009 1954 1110 1992 malo
1151 1957 1454 2004 perseverantia.

108 2009 164 2051 49
192 2015 293 2052 adeo
321 2014 597 2064 inhumanum]
626 2020 704 2053 tam
730 2014 883 2053 durum.
928 2010 985 2051 54
1006 2013 1322 2063 percontamax]
1345 2014 1452 2052 valde
1480 2026 1526 2057 30

109 2071 314 2122 superbus
366 2071 420 2111 57
455 2073 620 2123 sublati]
654 2073 745 2112 elati
777 2074 816 2110 in
849 2070 1084 2122 superbiam.

203 2189 223 2219 2
252 2185 452 2220 diffinitum
471 2186 600 2221 DCE.
701 2189 744 2220 14
768 2184 940 2230 Mycono]
967 2183 1130 2219 Miconia
1151 2184 1250 2228 DM,
1276 2196 1342 2220 om.
1372 2185 1453 2221 GE.

108 2236 150 2266 15
176 2244 242 2278 pro
271 2233 388 2279 curre]
413 2243 623 2277 percurrere
649 2234 744 2269 libri.

179 2368 302 2395 Scholia.
321 2370 511 2402 Terentiana,
532 2369 577 2394 ed.
599 2370 617 2394 S
627 2376 642 2394 c
652 2369 743 2394 hlee.
1131 2366 1171 2395 lO
