<?xml version="1.0" encoding="UTF-8"?>
<!DOCTYPE html PUBLIC "-//W3C//DTD XHTML 1.0 Transitional//EN"
    "http://www.w3.org/TR/xhtml1/DTD/xhtml1-transitional.dtd">
<html xmlns="http://www.w3.org/1999/xhtml" xml:lang="en" lang="en">
 <head>
  <title>
</title>
<meta http-equiv="Content-Type" content="text/html;charset=utf-8" />
  <meta name='ocr-system' content='tesseract 3.04.00' />
  <meta name='ocr-capabilities' content='ocr_page ocr_carea ocr_par ocr_line ocrx_word'/>
</head>
<body>
  <div class='ocr_page' id='page_1' title='image "./scholiaterentian00schluoft_0095.png"; bbox 0 0 1681 2576; ppageno 0'>
   <div class='ocr_carea' id='block_1_1' title="bbox 566 96 1440 140">
    <p class='ocr_par' dir='ltr' id='par_1_1' title="bbox 566 96 1440 140">
     <span class='ocr_line' id='line_1_1' title="bbox 566 96 1440 140; baseline 0.003 -10"><span class='ocrx_word' id='word_1_1' title='bbox 566 96 709 136; x_wconf 63' lang='lat' dir='ltr'>Andria</span> <span class='ocrx_word' id='word_1_2' title='bbox 735 96 761 140; x_wconf 88' lang='lat'>1,</span> <span class='ocrx_word' id='word_1_3' title='bbox 782 96 908 139; x_wconf 82' lang='lat'>4-11,</span> <span class='ocrx_word' id='word_1_4' title='bbox 930 100 961 131; x_wconf 76' lang='lat'>2.</span> <span class='ocrx_word' id='word_1_5' title='bbox 1385 97 1440 138; x_wconf 84' lang='lat'>83</span> 
     </span>
    </p>
   </div>
   <div class='ocr_carea' id='block_1_2' title="bbox 89 205 1580 965">
    <p class='ocr_par' dir='ltr' id='par_1_2' title="bbox 89 205 1580 965">
     <span class='ocr_line' id='line_1_2' title="bbox 102 205 1460 259; baseline 0 -12"><span class='ocrx_word' id='word_1_6' title='bbox 102 206 217 257; x_wconf 78' lang='lat' dir='ltr'>opus]</span> <span class='ocrx_word' id='word_1_7' title='bbox 250 207 360 245; x_wconf 78' lang='lat' dir='ltr'>valde</span> <span class='ocrx_word' id='word_1_8' title='bbox 390 219 498 258; x_wconf 90' lang='lat' dir='ltr'>opus.</span> <span class='ocrx_word' id='word_1_9' title='bbox 561 205 790 255; x_wconf 73' lang='lat' dir='ltr'>adversum]</span> <span class='ocrx_word' id='word_1_10' title='bbox 824 206 936 257; x_wconf 84' lang='lat' dir='ltr'>apud.</span> <span class='ocrx_word' id='word_1_11' title='bbox 1000 205 1054 245; x_wconf 98' lang='grc'>32</span> <span class='ocrx_word' id='word_1_12' title='bbox 1076 209 1164 255; x_wconf 72' lang='lat' dir='ltr'>quis</span> <span class='ocrx_word' id='word_1_13' title='bbox 1186 207 1270 258; x_wconf 68' lang='lat' dir='ltr'>laic]</span> <span class='ocrx_word' id='word_1_14' title='bbox 1303 210 1460 259; x_wconf 86' lang='lat' dir='ltr'>paren-&#39;</span> 
     </span>
     <span class='ocr_line' id='line_1_3' title="bbox 100 263 1442 317; baseline 0.001 -13"><span class='ocrx_word' id='word_1_15' title='bbox 100 266 224 305; x_wconf 82' lang='lat' dir='ltr'>thesis</span> <span class='ocrx_word' id='word_1_16' title='bbox 245 267 293 305; x_wconf 77' lang='lat' dir='ltr'>D.</span> <span class='ocrx_word' id='word_1_17' title='bbox 344 264 398 305; x_wconf 84' lang='grc'>38</span> <span class='ocrx_word' id='word_1_18' title='bbox 428 264 608 315; x_wconf 68' lang='lat' dir='ltr'>eqreqie]</span> <span class='ocrx_word' id='word_1_19' title='bbox 636 265 868 316; x_wconf 78' lang='lat' dir='ltr'>specialiter.</span> <span class='ocrx_word' id='word_1_20' title='bbox 920 263 974 303; x_wconf 81' lang='grc'>39</span> <span class='ocrx_word' id='word_1_21' title='bbox 1008 266 1210 316; x_wconf 79' lang='lat' dir='ltr'>eductum]</span> <span class='ocrx_word' id='word_1_22' title='bbox 1244 279 1314 317; x_wconf 89' lang='lat' dir='ltr'>pro</span> <span class='ocrx_word' id='word_1_23' title='bbox 1348 268 1442 306; x_wconf 87' lang='lat' dir='ltr'>edu-</span> 
     </span>
     <span class='ocr_line' id='line_1_4' title="bbox 89 315 1441 375; baseline 0.002 -12"><span class='ocrx_word' id='word_1_24' title='bbox 89 315 230 364; x_wconf 86' lang='lat' dir='ltr'>catum</span> <span class='ocrx_word' id='word_1_25' title='bbox 261 325 322 363; x_wconf 81' lang='lat' dir='ltr'>vel</span> <span class='ocrx_word' id='word_1_26' title='bbox 353 326 555 363; x_wconf 89' lang='lat' dir='ltr'>nutritum.</span> <span class='ocrx_word' id='word_1_27' title='bbox 598 321 654 362; x_wconf 92' lang='grc'>42</span> <span class='ocrx_word' id='word_1_28' title='bbox 688 323 889 374; x_wconf 70' lang='lat' dir='ltr'>iquavom]</span> <span class='ocrx_word' id='word_1_29' title='bbox 925 324 1170 363; x_wconf 82' lang='lat' dir='ltr'>imbecillem.</span> <span class='ocrx_word' id='word_1_30' title='bbox 1213 323 1269 364; x_wconf 91' lang='grc'>43</span> <span class='ocrx_word' id='word_1_31' title='bbox 1304 329 1441 375; x_wconf 69' lang='lat' dir='ltr'>myra-</span> 
     </span>
     <span class='ocr_line' id='line_1_5' title="bbox 99 381 1440 436; baseline 0.002 -14"><span class='ocrx_word' id='word_1_32' title='bbox 99 383 199 434; x_wconf 83' lang='lat' dir='ltr'>tum]</span> <span class='ocrx_word' id='word_1_33' title='bbox 226 383 468 423; x_wconf 81' lang='lat' dir='ltr'>illiberalem.</span> <span class='ocrx_word' id='word_1_34' title='bbox 513 381 568 422; x_wconf 85' lang='lat'>47</span> <span class='ocrx_word' id='word_1_35' title='bbox 596 395 744 422; x_wconf 76' lang='lat' dir='ltr'>memor</span> <span class='ocrx_word' id='word_1_36' title='bbox 771 382 910 433; x_wconf 80' lang='lat' dir='ltr'>essem]</span> <span class='ocrx_word' id='word_1_37' title='bbox 938 384 1184 434; x_wconf 82' lang='lat' dir='ltr'>indignando.</span> <span class='ocrx_word' id='word_1_38' title='bbox 1229 382 1287 424; x_wconf 78' lang='lat'>54</span> <span class='ocrx_word' id='word_1_39' title='bbox 1311 386 1440 436; x_wconf 78' lang='lat' dir='ltr'>quod]</span> 
     </span>
     <span class='ocr_line' id='line_1_6' title="bbox 102 442 1513 496; baseline 0.003 -16"><span class='ocrx_word' id='word_1_40' title='bbox 102 448 263 494; x_wconf 85' lang='lat' dir='ltr'>propter</span> <span class='ocrx_word' id='word_1_41' title='bbox 291 443 399 493; x_wconf 60' lang='lat' dir='ltr'>‘quod</span> <span class='ocrx_word' id='word_1_42' title='bbox 437 444 511 481; x_wconf 79' lang='grc' dir='ltr'>ΟΕ</span> <span class='ocrx_word' id='word_1_43' title='bbox 518 442 574 494; x_wconf 88' lang='lat' dir='ltr'>M,</span> <span class='ocrx_word' id='word_1_44' title='bbox 605 446 767 493; x_wconf 84' lang='lat' dir='ltr'>propter</span> <span class='ocrx_word' id='word_1_45' title='bbox 799 443 890 493; x_wconf 91' lang='lat' dir='ltr'>quia</span> <span class='ocrx_word' id='word_1_46' title='bbox 920 443 969 481; x_wconf 85' lang='lat' dir='ltr'>D.</span> <span class='ocrx_word' id='word_1_47' title='bbox 1018 442 1142 493; x_wconf 74' lang='lat' dir='ltr'><em>hanc]</em></span> <span class='ocrx_word' id='word_1_48' title='bbox 1175 448 1294 495; x_wconf 88' lang='lat' dir='ltr'>tuam,</span> <span class='ocrx_word' id='word_1_49' title='bbox 1327 458 1442 496; x_wconf 82' lang='lat' dir='ltr'>quani</span> <span class='ocrx_word' id='word_1_50' title='bbox 1493 455 1513 485; x_wconf 82' lang='lat'>5</span> 
     </span>
     <span class='ocr_line' id='line_1_7' title="bbox 102 500 1442 552; baseline 0.002 -12"><span class='ocrx_word' id='word_1_51' title='bbox 102 509 228 540; x_wconf 82' lang='lat' dir='ltr'>teneo,</span> <span class='ocrx_word' id='word_1_52' title='bbox 285 500 340 540; x_wconf 79' lang='lat'>59</span> <span class='ocrx_word' id='word_1_53' title='bbox 373 500 595 550; x_wconf 68' lang='lat' dir='ltr'>moriqera]</span> <span class='ocrx_word' id='word_1_54' title='bbox 635 506 695 539; x_wconf 87' lang='lat' dir='ltr'>est</span> <span class='ocrx_word' id='word_1_55' title='bbox 731 513 862 539; x_wconf 89' lang='lat' dir='ltr'>mores</span> <span class='ocrx_word' id='word_1_56' title='bbox 901 513 1139 552; x_wconf 86' lang='lat' dir='ltr'>componens</span> <span class='ocrx_word' id='word_1_57' title='bbox 1175 502 1235 541; x_wconf 75' lang='lat' dir='ltr'>vel</span> <span class='ocrx_word' id='word_1_58' title='bbox 1266 504 1442 543; x_wconf 80' lang='lat' dir='ltr'>moribus</span> 
     </span>
     <span class='ocr_line' id='line_1_8' title="bbox 101 559 1443 613; baseline 0.003 -15"><span class='ocrx_word' id='word_1_59' title='bbox 101 562 276 599; x_wconf 86' lang='lat' dir='ltr'>serviens</span> <span class='ocrx_word' id='word_1_60' title='bbox 309 565 347 599; x_wconf 83' lang='lat' dir='ltr'>et</span> <span class='ocrx_word' id='word_1_61' title='bbox 379 560 619 599; x_wconf 78' lang='lat' dir='ltr'>concordans</span> <span class='ocrx_word' id='word_1_62' title='bbox 647 565 685 598; x_wconf 87' lang='lat' dir='ltr'>et</span> <span class='ocrx_word' id='word_1_63' title='bbox 711 559 993 599; x_wconf 81' lang='lat' dir='ltr'>obsecundans.</span> <span class='ocrx_word' id='word_1_64' title='bbox 1050 560 1178 599; x_wconf 90' lang='lat' dir='ltr'>aliter:</span> <span class='ocrx_word' id='word_1_65' title='bbox 1210 564 1443 613; x_wconf 81' lang='lat' dir='ltr'>morigerari</span> 
     </span>
     <span class='ocr_line' id='line_1_9' title="bbox 98 617 1440 670; baseline 0.004 -13"><span class='ocrx_word' id='word_1_66' title='bbox 98 619 138 657; x_wconf 92' lang='lat' dir='ltr'>id</span> <span class='ocrx_word' id='word_1_67' title='bbox 171 624 231 658; x_wconf 89' lang='lat' dir='ltr'>est</span> <span class='ocrx_word' id='word_1_68' title='bbox 262 631 391 658; x_wconf 88' lang='lat' dir='ltr'>mores</span> <span class='ocrx_word' id='word_1_69' title='bbox 429 623 597 670; x_wconf 87' lang='lat' dir='ltr'>portare.</span> <span class='ocrx_word' id='word_1_70' title='bbox 661 617 714 659; x_wconf 80' lang='lat'>61</span> <span class='ocrx_word' id='word_1_71' title='bbox 748 619 867 669; x_wconf 74' lang='lat' dir='ltr'>haec]</span> <span class='ocrx_word' id='word_1_72' title='bbox 901 631 999 670; x_wconf 90' lang='lat' dir='ltr'>quae</span> <span class='ocrx_word' id='word_1_73' title='bbox 1031 620 1166 658; x_wconf 90' lang='lat' dir='ltr'>habe0.</span> <span class='ocrx_word' id='word_1_74' title='bbox 1229 618 1286 660; x_wconf 86' lang='grc'>64</span> <span class='ocrx_word' id='word_1_75' title='bbox 1317 624 1440 662; x_wconf 82' lang='lat' dir='ltr'>obste-</span> 
     </span>
     <span class='ocr_line' id='line_1_10' title="bbox 99 675 1580 739; baseline -0.003 -22"><span class='ocrx_word' id='word_1_76' title='bbox 99 677 256 728; x_wconf 73' lang='lat' dir='ltr'>tricem]</span> <span class='ocrx_word' id='word_1_77' title='bbox 297 690 342 717; x_wconf 91' lang='lat' dir='ltr'>eo</span> <span class='ocrx_word' id='word_1_78' title='bbox 376 678 479 729; x_wconf 85' lang='lat' dir='ltr'>quod</span> <span class='ocrx_word' id='word_1_79' title='bbox 512 678 639 716; x_wconf 81' lang='lat' dir='ltr'>obstat</span> <span class='ocrx_word' id='word_1_80' title='bbox 670 680 808 717; x_wconf 69' lang='lat' dir='ltr'>ventri.</span> <span class='ocrx_word' id='word_1_81' title='bbox 865 678 1050 728; x_wconf 75' lang='lat' dir='ltr'>accerso]</span> <span class='ocrx_word' id='word_1_82' title='bbox 1090 692 1267 732; x_wconf 80' lang='lat' dir='ltr'>accerSO,</span> <span class='ocrx_word' id='word_1_83' title='bbox 1305 693 1364 732; x_wconf 87' lang='lat' dir='ltr'>as,</span> <span class='ocrx_word' id='word_1_84' title='bbox 1403 687 1442 720; x_wconf 85' lang='lat' dir='ltr'>ct</span> <span class='ocrx_word' id='word_1_85' title='bbox 1456 675 1580 739; x_wconf 51' lang='lat' dir='ltr'>liusq„</span> 
     </span>
     <span class='ocr_line' id='line_1_11' title="bbox 98 737 1512 793; baseline 0.004 -18"><span class='ocrx_word' id='word_1_86' title='bbox 98 738 289 789; x_wconf 74' lang='lat' dir='ltr'>accersio,</span> <span class='ocrx_word' id='word_1_87' title='bbox 327 738 371 775; x_wconf 91' lang='lat' dir='ltr'>is.</span> <span class='ocrx_word' id='word_1_88' title='bbox 429 737 531 788; x_wconf 87' lang='lat' dir='ltr'>quod</span> <span class='ocrx_word' id='word_1_89' title='bbox 568 742 628 775; x_wconf 86' lang='lat' dir='ltr'>est</span> <span class='ocrx_word' id='word_1_90' title='bbox 664 737 712 775; x_wconf 84' lang='lat' dir='ltr'>lv</span> <span class='ocrx_word' id='word_1_91' title='bbox 744 739 1048 790; x_wconf 84' lang='lat' dir='ltr'>coniugationis,</span> <span class='ocrx_word' id='word_1_92' title='bbox 1087 739 1280 789; x_wconf 85' lang='lat' dir='ltr'>significat</span> <span class='ocrx_word' id='word_1_93' title='bbox 1312 752 1441 793; x_wconf 74' lang='lat' dir='ltr'>evoco,</span> <span class='ocrx_word' id='word_1_94' title='bbox 1470 749 1512 781; x_wconf 88' lang='lat'>10</span> 
     </span>
     <span class='ocr_line' id='line_1_12' title="bbox 96 795 1439 849; baseline 0.004 -15"><span class='ocrx_word' id='word_1_95' title='bbox 96 808 270 848; x_wconf 82' lang='lat' dir='ltr'>arcesso,</span> <span class='ocrx_word' id='word_1_96' title='bbox 302 808 360 848; x_wconf 87' lang='lat' dir='ltr'>as,</span> <span class='ocrx_word' id='word_1_97' title='bbox 394 796 496 847; x_wconf 87' lang='lat' dir='ltr'>quod</span> <span class='ocrx_word' id='word_1_98' title='bbox 529 801 588 834; x_wconf 87' lang='lat' dir='ltr'>est</span> <span class='ocrx_word' id='word_1_99' title='bbox 619 796 647 848; x_wconf 94' lang='lat' dir='ltr'>I,</span> <span class='ocrx_word' id='word_1_100' title='bbox 679 797 873 847; x_wconf 81' lang='lat' dir='ltr'>significat</span> <span class='ocrx_word' id='word_1_101' title='bbox 904 795 1054 835; x_wconf 33' lang='lat' dir='ltr'>accfuso.</span> <span class='ocrx_word' id='word_1_102' title='bbox 1099 798 1200 836; x_wconf 89' lang='lat' dir='ltr'>EM.</span> <span class='ocrx_word' id='word_1_103' title='bbox 1258 812 1439 849; x_wconf 79' lang='lat' dir='ltr'>propera</span> 
     </span>
     <span class='ocr_line' id='line_1_13' title="bbox 97 855 1439 910; baseline 0.002 -16"><span class='ocrx_word' id='word_1_104' title='bbox 97 860 291 904; x_wconf 78' lang='lat' dir='ltr'>atque—</span> <span class='ocrx_word' id='word_1_105' title='bbox 312 855 482 905; x_wconf 62' lang='lat' dir='ltr'>[ludim]</span> <span class='ocrx_word' id='word_1_106' title='bbox 516 855 773 906; x_wconf 78' lang='lat' dir='ltr'>parenthesis.</span> <span class='ocrx_word' id='word_1_107' title='bbox 831 856 925 894; x_wconf 90' lang='lat' dir='ltr'>ordo</span> <span class='ocrx_word' id='word_1_108' title='bbox 960 861 1035 894; x_wconf 80' lang='lat' dir='ltr'>est:</span> <span class='ocrx_word' id='word_1_109' title='bbox 1070 868 1237 908; x_wconf 90' lang='lat' dir='ltr'>propera</span> <span class='ocrx_word' id='word_1_110' title='bbox 1271 858 1317 896; x_wconf 85' lang='lat' dir='ltr'>ad</span> <span class='ocrx_word' id='word_1_111' title='bbox 1350 857 1439 910; x_wconf 82' lang='lat' dir='ltr'>Gly-</span> 
     </span>
     <span class='ocr_line' id='line_1_14' title="bbox 96 914 873 965; baseline 0.003 -14"><span class='ocrx_word' id='word_1_112' title='bbox 96 915 246 953; x_wconf 74' lang='lat' dir='ltr'>cerium</span> <span class='ocrx_word' id='word_1_113' title='bbox 277 919 392 965; x_wconf 87' lang='lat' dir='ltr'>atque</span> <span class='ocrx_word' id='word_1_114' title='bbox 425 927 515 953; x_wconf 78' lang='lat' dir='ltr'>cave</span> <span class='ocrx_word' id='word_1_115' title='bbox 547 927 668 953; x_wconf 85' lang='lat' dir='ltr'>unum</span> <span class='ocrx_word' id='word_1_116' title='bbox 700 914 873 953; x_wconf 68' lang='lat' dir='ltr'>verbum.</span> 
     </span>
    </p>
   </div>
   <div class='ocr_carea' id='block_1_3' title="bbox 712 1019 822 1072">
    <p class='ocr_par' dir='ltr' id='par_1_3' title="bbox 712 1019 822 1072">
     <span class='ocr_line' id='line_1_15' title="bbox 712 1019 822 1072; baseline 0.009 -14"><span class='ocrx_word' id='word_1_117' title='bbox 712 1020 758 1072; x_wconf 82' lang='grc' dir='ltr'>Π,</span> <span class='ocrx_word' id='word_1_118' title='bbox 786 1019 822 1059; x_wconf 85' lang='lat'>1.</span> 
     </span>
    </p>
   </div>
   <div class='ocr_carea' id='block_1_4' title="bbox 88 1090 1509 2026">
    <p class='ocr_par' dir='ltr' id='par_1_4' title="bbox 88 1090 1509 2026">
     <span class='ocr_line' id='line_1_16' title="bbox 182 1090 1509 1146; baseline 0.005 -18"><span class='ocrx_word' id='word_1_119' title='bbox 182 1090 259 1129; x_wconf 85' lang='lat' dir='ltr'>Iste</span> <span class='ocrx_word' id='word_1_120' title='bbox 299 1090 491 1129; x_wconf 86' lang='lat' dir='ltr'>Charinus</span> <span class='ocrx_word' id='word_1_121' title='bbox 532 1090 683 1129; x_wconf 87' lang='lat' dir='ltr'>amabat</span> <span class='ocrx_word' id='word_1_122' title='bbox 721 1091 1008 1143; x_wconf 74' lang='lat' dir='ltr'>Philumenam,</span> <span class='ocrx_word' id='word_1_123' title='bbox 1051 1093 1169 1131; x_wconf 87' lang='lat' dir='ltr'>filiam</span> <span class='ocrx_word' id='word_1_124' title='bbox 1207 1093 1438 1146; x_wconf 78' lang='lat' dir='ltr'>Chremetis,</span> <span class='ocrx_word' id='word_1_125' title='bbox 1466 1104 1509 1135; x_wconf 85' lang='lat'>15</span> 
     </span>
     <span class='ocr_line' id='line_1_17' title="bbox 95 1150 1439 1203; baseline 0.004 -16"><span class='ocrx_word' id='word_1_126' title='bbox 95 1161 211 1199; x_wconf 82' lang='lat' dir='ltr'>quam</span> <span class='ocrx_word' id='word_1_127' title='bbox 250 1150 355 1187; x_wconf 85' lang='lat' dir='ltr'>Simo</span> <span class='ocrx_word' id='word_1_128' title='bbox 389 1150 654 1201; x_wconf 81' lang='lat' dir='ltr'>Chremesque</span> <span class='ocrx_word' id='word_1_129' title='bbox 692 1155 824 1201; x_wconf 82' lang='lat' dir='ltr'>patres</span> <span class='ocrx_word' id='word_1_130' title='bbox 862 1150 1063 1201; x_wconf 88' lang='lat' dir='ltr'>Pamphilo</span> <span class='ocrx_word' id='word_1_131' title='bbox 1096 1152 1439 1203; x_wconf 73' lang='lat' dir='ltr'>desponsaverant.</span> 
     </span>
     <span class='ocr_line' id='line_1_18' title="bbox 99 1208 1438 1262; baseline 0.004 -16"><span class='ocrx_word' id='word_1_132' title='bbox 99 1209 277 1247; x_wconf 79' lang='lat' dir='ltr'><em>CGEM.</em></span> <span class='ocrx_word' id='word_1_133' title='bbox 337 1208 530 1247; x_wconf 86' lang='lat' dir='ltr'>Charinus</span> <span class='ocrx_word' id='word_1_134' title='bbox 561 1210 636 1247; x_wconf 87' lang='lat' dir='ltr'>iste</span> <span class='ocrx_word' id='word_1_135' title='bbox 670 1211 800 1247; x_wconf 85' lang='lat' dir='ltr'>socius</span> <span class='ocrx_word' id='word_1_136' title='bbox 834 1210 907 1248; x_wconf 83' lang='lat' dir='ltr'>suit</span> <span class='ocrx_word' id='word_1_137' title='bbox 935 1210 1139 1262; x_wconf 86' lang='lat' dir='ltr'>Pamphili,</span> <span class='ocrx_word' id='word_1_138' title='bbox 1172 1213 1239 1262; x_wconf 87' lang='lat' dir='ltr'>qui</span> <span class='ocrx_word' id='word_1_139' title='bbox 1271 1212 1438 1251; x_wconf 86' lang='lat' dir='ltr'>hahebat</span> 
     </span>
     <span class='ocr_line' id='line_1_19' title="bbox 94 1267 1438 1320; baseline 0.004 -15"><span class='ocrx_word' id='word_1_140' title='bbox 94 1267 281 1319; x_wconf 81' lang='lat' dir='ltr'>Byrriam,</span> <span class='ocrx_word' id='word_1_141' title='bbox 315 1279 428 1306; x_wconf 88' lang='lat' dir='ltr'>suum</span> <span class='ocrx_word' id='word_1_142' title='bbox 460 1267 642 1306; x_wconf 80' lang='lat' dir='ltr'>videlicet</span> <span class='ocrx_word' id='word_1_143' title='bbox 672 1267 869 1320; x_wconf 88' lang='lat' dir='ltr'>libertum,</span> <span class='ocrx_word' id='word_1_144' title='bbox 902 1271 969 1320; x_wconf 87' lang='lat' dir='ltr'>qui</span> <span class='ocrx_word' id='word_1_145' title='bbox 1001 1271 1105 1308; x_wconf 83' lang='lat' dir='ltr'>inter</span> <span class='ocrx_word' id='word_1_146' title='bbox 1136 1270 1208 1308; x_wconf 89' lang='lat' dir='ltr'>hos</span> <span class='ocrx_word' id='word_1_147' title='bbox 1241 1271 1438 1310; x_wconf 77' lang='lat' dir='ltr'>discurre-</span> 
     </span>
     <span class='ocr_line' id='line_1_20' title="bbox 93 1326 1436 1379; baseline 0.004 -15"><span class='ocrx_word' id='word_1_148' title='bbox 93 1326 160 1364; x_wconf 86' lang='lat' dir='ltr'>bat</span> <span class='ocrx_word' id='word_1_149' title='bbox 190 1328 442 1378; x_wconf 81' lang='lat' dir='ltr'>investigans,</span> <span class='ocrx_word' id='word_1_150' title='bbox 475 1328 509 1365; x_wconf 83' lang='lat' dir='ltr'>si</span> <span class='ocrx_word' id='word_1_151' title='bbox 540 1328 699 1378; x_wconf 84' lang='lat' dir='ltr'>nuptiae</span> <span class='ocrx_word' id='word_1_152' title='bbox 731 1328 882 1379; x_wconf 87' lang='lat' dir='ltr'>fierent,</span> <span class='ocrx_word' id='word_1_153' title='bbox 919 1333 957 1366; x_wconf 86' lang='lat' dir='ltr'>et</span> <span class='ocrx_word' id='word_1_154' title='bbox 989 1330 1118 1367; x_wconf 89' lang='lat' dir='ltr'>omnia</span> <span class='ocrx_word' id='word_1_155' title='bbox 1150 1329 1196 1367; x_wconf 90' lang='lat' dir='ltr'>ad</span> <span class='ocrx_word' id='word_1_156' title='bbox 1230 1342 1344 1369; x_wconf 87' lang='lat' dir='ltr'>suum</span> <span class='ocrx_word' id='word_1_157' title='bbox 1375 1343 1436 1369; x_wconf 84' lang='lat' dir='ltr'>re-</span> 
     </span>
     <span class='ocr_line' id='line_1_21' title="bbox 94 1385 1507 1442; baseline 0.005 -19"><span class='ocrx_word' id='word_1_158' title='bbox 94 1385 298 1424; x_wconf 85' lang='lat' dir='ltr'>nuntiabat</span> <span class='ocrx_word' id='word_1_159' title='bbox 323 1386 534 1424; x_wconf 88' lang='lat' dir='ltr'>dominum.</span> <span class='ocrx_word' id='word_1_160' title='bbox 581 1391 618 1424; x_wconf 88' lang='lat' dir='ltr'>et</span> <span class='ocrx_word' id='word_1_161' title='bbox 644 1386 737 1425; x_wconf 89' lang='lat' dir='ltr'>dum</span> <span class='ocrx_word' id='word_1_162' title='bbox 764 1388 837 1425; x_wconf 86' lang='lat' dir='ltr'>iste</span> <span class='ocrx_word' id='word_1_163' title='bbox 864 1387 999 1438; x_wconf 63' lang='lat' dir='ltr'>Byrria</span> <span class='ocrx_word' id='word_1_164' title='bbox 1028 1388 1113 1439; x_wconf 78' lang='lat' dir='ltr'>hoc,</span> <span class='ocrx_word' id='word_1_165' title='bbox 1146 1389 1249 1439; x_wconf 90' lang='lat' dir='ltr'>quod</span> <span class='ocrx_word' id='word_1_166' title='bbox 1275 1390 1436 1442; x_wconf 75' lang='lat' dir='ltr'>viderat,</span> <span class='ocrx_word' id='word_1_167' title='bbox 1463 1399 1507 1430; x_wconf 81' lang='lat'>20</span> 
     </span>
     <span class='ocr_line' id='line_1_22' title="bbox 93 1445 1435 1501; baseline 0.004 -19"><span class='ocrx_word' id='word_1_168' title='bbox 93 1445 140 1482; x_wconf 86' lang='lat' dir='ltr'>‹le</span> <span class='ocrx_word' id='word_1_169' title='bbox 180 1446 330 1495; x_wconf 87' lang='lat' dir='ltr'>nuptiis</span> <span class='ocrx_word' id='word_1_170' title='bbox 377 1445 589 1496; x_wconf 87' lang='lat' dir='ltr'>referebat,</span> <span class='ocrx_word' id='word_1_171' title='bbox 633 1445 780 1483; x_wconf 90' lang='lat' dir='ltr'>audivit</span> <span class='ocrx_word' id='word_1_172' title='bbox 825 1458 913 1484; x_wconf 89' lang='lat' dir='ltr'>eum</span> <span class='ocrx_word' id='word_1_173' title='bbox 958 1446 1150 1485; x_wconf 90' lang='lat' dir='ltr'>Charinus</span> <span class='ocrx_word' id='word_1_174' title='bbox 1197 1447 1435 1501; x_wconf 87' lang='lat' dir='ltr'>loquentem,</span> 
     </span>
     <span class='ocr_line' id='line_1_23' title="bbox 88 1503 1435 1557; baseline 0.004 -16"><span class='ocrx_word' id='word_1_175' title='bbox 88 1504 184 1554; x_wconf 79' lang='lat' dir='ltr'>&#39;quia</span> <span class='ocrx_word' id='word_1_176' title='bbox 216 1504 301 1554; x_wconf 88' lang='lat' dir='ltr'>ipso</span> <span class='ocrx_word' id='word_1_177' title='bbox 335 1503 397 1541; x_wconf 90' lang='lat' dir='ltr'>die</span> <span class='ocrx_word' id='word_1_178' title='bbox 429 1505 588 1554; x_wconf 86' lang='lat' dir='ltr'>nuptiae</span> <span class='ocrx_word' id='word_1_179' title='bbox 621 1504 708 1542; x_wconf 84' lang='lat' dir='ltr'>fieri</span> <span class='ocrx_word' id='word_1_180' title='bbox 740 1504 941 1543; x_wconf 87' lang='lat' dir='ltr'>deberent.</span> <span class='ocrx_word' id='word_1_181' title='bbox 991 1511 1029 1543; x_wconf 89' lang='lat' dir='ltr'>et</span> <span class='ocrx_word' id='word_1_182' title='bbox 1060 1507 1315 1557; x_wconf 86' lang='lat' dir='ltr'>interrogavit</span> <span class='ocrx_word' id='word_1_183' title='bbox 1347 1520 1435 1546; x_wconf 88' lang='lat' dir='ltr'>eum</span> 
     </span>
     <span class='ocr_line' id='line_1_24' title="bbox 92 1561 1435 1616; baseline 0.004 -16"><span class='ocrx_word' id='word_1_184' title='bbox 92 1564 235 1600; x_wconf 85' lang='lat' dir='ltr'>iterum</span> <span class='ocrx_word' id='word_1_185' title='bbox 268 1561 472 1614; x_wconf 87' lang='lat' dir='ltr'>Charinus,</span> <span class='ocrx_word' id='word_1_186' title='bbox 505 1563 597 1613; x_wconf 87' lang='lat' dir='ltr'>quid</span> <span class='ocrx_word' id='word_1_187' title='bbox 630 1567 736 1601; x_wconf 87' lang='lat' dir='ltr'>esset</span> <span class='ocrx_word' id='word_1_188' title='bbox 766 1563 852 1615; x_wconf 78' lang='lat' dir='ltr'>hoc,</span> <span class='ocrx_word' id='word_1_189' title='bbox 886 1564 988 1614; x_wconf 83' lang='lat' dir='ltr'>quod</span> <span class='ocrx_word' id='word_1_190' title='bbox 1015 1564 1062 1602; x_wconf 88' lang='lat' dir='ltr'>de</span> <span class='ocrx_word' id='word_1_191' title='bbox 1094 1567 1243 1616; x_wconf 86' lang='lat' dir='ltr'>nuptiis</span> <span class='ocrx_word' id='word_1_192' title='bbox 1270 1566 1435 1605; x_wconf 90' lang='lat' dir='ltr'>dicebat.</span> 
     </span>
     <span class='ocr_line' id='line_1_25' title="bbox 90 1620 1434 1676; baseline 0.004 -17"><span class='ocrx_word' id='word_1_193' title='bbox 90 1622 190 1660; x_wconf 78' lang='lat' dir='ltr'>DM.</span> <span class='ocrx_word' id='word_1_194' title='bbox 253 1620 278 1660; x_wconf 85' lang='lat'>6</span> <span class='ocrx_word' id='word_1_195' title='bbox 311 1620 382 1671; x_wconf 74' lang='lat' dir='ltr'>ah]</span> <span class='ocrx_word' id='word_1_196' title='bbox 422 1623 641 1660; x_wconf 85' lang='lat' dir='ltr'>interiectio</span> <span class='ocrx_word' id='word_1_197' title='bbox 674 1626 734 1660; x_wconf 85' lang='lat' dir='ltr'>est</span> <span class='ocrx_word' id='word_1_198' title='bbox 766 1625 1072 1673; x_wconf 73' lang='lat' dir='ltr'>expavescentis.</span> <span class='ocrx_word' id='word_1_199' title='bbox 1138 1622 1189 1662; x_wconf 84' lang='lat'>11</span> <span class='ocrx_word' id='word_1_200' title='bbox 1224 1626 1434 1676; x_wconf 75' lang='lat' dir='ltr'>certumst]</span> 
     </span>
     <span class='ocr_line' id='line_1_26' title="bbox 91 1679 1505 1735; baseline 0.004 -17"><span class='ocrx_word' id='word_1_201' title='bbox 91 1680 343 1719; x_wconf 84' lang='lat' dir='ltr'>definitumst.</span> <span class='ocrx_word' id='word_1_202' title='bbox 409 1679 461 1719; x_wconf 84' lang='lat'>13</span> <span class='ocrx_word' id='word_1_203' title='bbox 494 1680 650 1731; x_wconf 84' lang='lat' dir='ltr'>saltem]</span> <span class='ocrx_word' id='word_1_204' title='bbox 685 1686 802 1719; x_wconf 86' lang='lat' dir='ltr'>certe.</span> <span class='ocrx_word' id='word_1_205' title='bbox 861 1682 1030 1732; x_wconf 76' lang='lat' dir='ltr'>prodat]</span> <span class='ocrx_word' id='word_1_206' title='bbox 1063 1683 1248 1735; x_wconf 87' lang='lat' dir='ltr'>protelet,</span> <span class='ocrx_word' id='word_1_207' title='bbox 1281 1684 1434 1723; x_wconf 79' lang='lat' dir='ltr'>differat</span> <span class='ocrx_word' id='word_1_208' title='bbox 1462 1693 1505 1725; x_wconf 65' lang='lat'>*25</span> 
     </span>
     <span class='ocr_line' id='line_1_27' title="bbox 90 1737 1435 1790; baseline 0.004 -13"><span class='ocrx_word' id='word_1_209' title='bbox 90 1739 150 1777; x_wconf 84' lang='lat' dir='ltr'>vel</span> <span class='ocrx_word' id='word_1_210' title='bbox 188 1739 381 1778; x_wconf 82' lang='lat' dir='ltr'>extendat.</span> <span class='ocrx_word' id='word_1_211' title='bbox 447 1737 500 1778; x_wconf 81' lang='lat'>15</span> <span class='ocrx_word' id='word_1_212' title='bbox 533 1742 662 1779; x_wconf 79' lang='lat' dir='ltr'>adeon</span> <span class='ocrx_word' id='word_1_213' title='bbox 695 1742 751 1779; x_wconf 79' lang='lat' dir='ltr'>ad</span> <span class='ocrx_word' id='word_1_214' title='bbox 781 1740 885 1790; x_wconf 83' lang='lat' dir='ltr'>eum]</span> <span class='ocrx_word' id='word_1_215' title='bbox 925 1753 972 1779; x_wconf 90' lang='lat' dir='ltr'>an</span> <span class='ocrx_word' id='word_1_216' title='bbox 1006 1754 1050 1779; x_wconf 91' lang='lat' dir='ltr'>eo</span> <span class='ocrx_word' id='word_1_217' title='bbox 1083 1741 1130 1780; x_wconf 90' lang='lat' dir='ltr'>ad</span> <span class='ocrx_word' id='word_1_218' title='bbox 1164 1754 1263 1781; x_wconf 89' lang='lat' dir='ltr'>cum.</span> <span class='ocrx_word' id='word_1_219' title='bbox 1326 1750 1435 1783; x_wconf 87' lang='lat' dir='ltr'>vacat</span> 
     </span>
     <span class='ocr_line' id='line_1_28' title="bbox 90 1796 1432 1854; baseline 0.004 -17"><span class='ocrx_word' id='word_1_220' title='bbox 90 1798 148 1837; x_wconf 86' lang='lat' dir='ltr'>ad.</span> <span class='ocrx_word' id='word_1_221' title='bbox 187 1799 269 1837; x_wconf 77' lang='lat' dir='ltr'>OG.</span> <span class='ocrx_word' id='word_1_222' title='bbox 323 1796 374 1837; x_wconf 84' lang='lat'>17</span> <span class='ocrx_word' id='word_1_223' title='bbox 401 1798 548 1854; x_wconf 66' lang='lat' dir='ltr'>scelus]</span> <span class='ocrx_word' id='word_1_224' title='bbox 577 1798 816 1837; x_wconf 81' lang='lat' dir='ltr'>exclamatio.</span> <span class='ocrx_word' id='word_1_225' title='bbox 864 1798 917 1838; x_wconf 82' lang='lat'>19</span> <span class='ocrx_word' id='word_1_226' title='bbox 945 1799 1132 1850; x_wconf 72' lang='lat' dir='ltr'>cuivem‘o]</span> <span class='ocrx_word' id='word_1_227' title='bbox 1160 1807 1269 1840; x_wconf 72' lang='lat' dir='ltr'>vacat</span> <span class='ocrx_word' id='word_1_228' title='bbox 1295 1803 1352 1841; x_wconf 85' lang='lat' dir='ltr'>ad.</span> <span class='ocrx_word' id='word_1_229' title='bbox 1390 1806 1432 1842; x_wconf 84' lang='lat' dir='ltr'>G.</span> 
     </span>
     <span class='ocr_line' id='line_1_29' title="bbox 92 1853 1432 1913; baseline 0.003 -18"><span class='ocrx_word' id='word_1_230' title='bbox 92 1855 148 1896; x_wconf 83' lang='lat'>20</span> <span class='ocrx_word' id='word_1_231' title='bbox 180 1860 328 1896; x_wconf 75' lang='lat' dir='ltr'>auxilii</span> <span class='ocrx_word' id='word_1_232' title='bbox 358 1853 531 1907; x_wconf 65' lang='lat' dir='ltr'>copiam]</span> <span class='ocrx_word' id='word_1_233' title='bbox 566 1858 612 1896; x_wconf 86' lang='lat' dir='ltr'>ad</span> <span class='ocrx_word' id='word_1_234' title='bbox 645 1858 909 1897; x_wconf 80' lang='lat' dir='ltr'>auxiliandum</span> <span class='ocrx_word' id='word_1_235' title='bbox 942 1861 1104 1910; x_wconf 84' lang='lat' dir='ltr'>copiam.</span> <span class='ocrx_word' id='word_1_236' title='bbox 1168 1858 1224 1899; x_wconf 86' lang='grc'>24</span> <span class='ocrx_word' id='word_1_237' title='bbox 1255 1861 1321 1912; x_wconf 81' lang='lat' dir='ltr'>ne]</span> <span class='ocrx_word' id='word_1_238' title='bbox 1360 1874 1432 1913; x_wconf 84' lang='lat' dir='ltr'>pro</span> 
     </span>
     <span class='ocr_line' id='line_1_30' title="bbox 91 1913 1432 1974; baseline 0.004 -21"><span class='ocrx_word' id='word_1_239' title='bbox 91 1915 211 1954; x_wconf 76' lang='lat' dir='ltr'>valde.</span> <span class='ocrx_word' id='word_1_240' title='bbox 274 1913 330 1955; x_wconf 90' lang='grc'>30</span> <span class='ocrx_word' id='word_1_241' title='bbox 361 1916 610 1967; x_wconf 73' lang='lat' dir='ltr'>neutiquam]</span> <span class='ocrx_word' id='word_1_242' title='bbox 646 1917 751 1956; x_wconf 91' lang='lat' dir='ltr'>nulla</span> <span class='ocrx_word' id='word_1_243' title='bbox 782 1923 909 1970; x_wconf 76' lang='lat' dir='ltr'>tenus,</span> <span class='ocrx_word' id='word_1_244' title='bbox 940 1918 1047 1957; x_wconf 89' lang='lat' dir='ltr'>nullo</span> <span class='ocrx_word' id='word_1_245' title='bbox 1080 1919 1206 1972; x_wconf 87' lang='lat' dir='ltr'>modo,</span> <span class='ocrx_word' id='word_1_246' title='bbox 1238 1933 1309 1971; x_wconf 89' lang='lat' dir='ltr'>pro</span> <span class='ocrx_word' id='word_1_247' title='bbox 1342 1934 1432 1974; x_wconf 84' lang='lat' dir='ltr'>non,</span> 
     </span>
     <span class='ocr_line' id='line_1_31' title="bbox 88 1973 1501 2026; baseline 0.005 -13"><span class='ocrx_word' id='word_1_248' title='bbox 88 1987 164 2013; x_wconf 88' lang='lat' dir='ltr'>una</span> <span class='ocrx_word' id='word_1_249' title='bbox 196 1987 298 2026; x_wconf 88' lang='lat' dir='ltr'>pars.</span> <span class='ocrx_word' id='word_1_250' title='bbox 358 1973 411 2015; x_wconf 84' lang='lat'>37</span> <span class='ocrx_word' id='word_1_251' title='bbox 440 1975 593 2026; x_wconf 80' lang='lat' dir='ltr'>lubens]</span> <span class='ocrx_word' id='word_1_252' title='bbox 627 1976 665 2015; x_wconf 87' lang='lat' dir='ltr'>i‹l</span> <span class='ocrx_word' id='word_1_253' title='bbox 699 1981 759 2015; x_wconf 87' lang='lat' dir='ltr'>est</span> <span class='ocrx_word' id='word_1_254' title='bbox 790 1977 957 2016; x_wconf 86' lang='lat' dir='ltr'>libenter</span> <span class='ocrx_word' id='word_1_255' title='bbox 988 1978 1134 2018; x_wconf 84' lang='lat' dir='ltr'>vadam.</span> <span class='ocrx_word' id='word_1_256' title='bbox 1458 1989 1501 2020; x_wconf 88' lang='lat'>30</span> 
     </span>
    </p>
   </div>
   <div class='ocr_carea' id='block_1_5' title="bbox 89 2082 1431 2432">
    <p class='ocr_par' dir='ltr' id='par_1_5' title="bbox 89 2082 1431 2432">
     <span class='ocr_line' id='line_1_32' title="bbox 700 2082 808 2136; baseline 0.009 -16"><span class='ocrx_word' id='word_1_257' title='bbox 700 2082 745 2136; x_wconf 91' lang='lat' dir='ltr'>ll,</span> <span class='ocrx_word' id='word_1_258' title='bbox 772 2082 808 2121; x_wconf 84' lang='lat'>2.</span> 
     </span>
     <span class='ocr_line' id='line_1_33' title="bbox 176 2150 1431 2207; baseline 0.004 -18"><span class='ocrx_word' id='word_1_259' title='bbox 176 2150 304 2190; x_wconf 84' lang='lat' dir='ltr'>Davus</span> <span class='ocrx_word' id='word_1_260' title='bbox 324 2150 522 2191; x_wconf 87' lang='lat' dir='ltr'>divertens</span> <span class='ocrx_word' id='word_1_261' title='bbox 549 2165 568 2191; x_wconf 92' lang='lat' dir='ltr'>a</span> <span class='ocrx_word' id='word_1_262' title='bbox 589 2153 758 2206; x_wconf 82' lang='lat' dir='ltr'>Simone,</span> <span class='ocrx_word' id='word_1_263' title='bbox 785 2155 854 2205; x_wconf 84' lang='lat' dir='ltr'>qui</span> <span class='ocrx_word' id='word_1_264' title='bbox 876 2166 966 2192; x_wconf 88' lang='lat' dir='ltr'>eum</span> <span class='ocrx_word' id='word_1_265' title='bbox 993 2156 1136 2193; x_wconf 76' lang='lat' dir='ltr'>acriter</span> <span class='ocrx_word' id='word_1_266' title='bbox 1162 2157 1431 2207; x_wconf 75' lang='lat' dir='ltr'>increpaverat</span> 
     </span>
     <span class='ocr_line' id='line_1_34' title="bbox 89 2210 1428 2268; baseline 0.005 -21"><span class='ocrx_word' id='word_1_267' title='bbox 89 2210 136 2248; x_wconf 78' lang='lat' dir='ltr'>de</span> <span class='ocrx_word' id='word_1_268' title='bbox 162 2211 310 2261; x_wconf 85' lang='lat' dir='ltr'>nuptiis</span> <span class='ocrx_word' id='word_1_269' title='bbox 337 2210 418 2263; x_wconf 84' lang='lat' dir='ltr'>filii,</span> <span class='ocrx_word' id='word_1_270' title='bbox 444 2223 522 2249; x_wconf 91' lang='lat' dir='ltr'>non</span> <span class='ocrx_word' id='word_1_271' title='bbox 549 2212 673 2251; x_wconf 85' lang='lat' dir='ltr'>adhuc</span> <span class='ocrx_word' id='word_1_272' title='bbox 706 2212 858 2251; x_wconf 89' lang='lat' dir='ltr'>locutus</span> <span class='ocrx_word' id='word_1_273' title='bbox 892 2218 975 2251; x_wconf 83' lang='lat' dir='ltr'>erat</span> <span class='ocrx_word' id='word_1_274' title='bbox 1001 2227 1088 2252; x_wconf 76' lang='lat' dir='ltr'>rum</span> <span class='ocrx_word' id='word_1_275' title='bbox 1116 2214 1327 2268; x_wconf 85' lang='lat' dir='ltr'>Pamphilo,</span> <span class='ocrx_word' id='word_1_276' title='bbox 1360 2216 1428 2254; x_wconf 78' lang='lat' dir='ltr'>sed</span> 
     </span>
     <span class='ocr_line' id='line_1_35' title="bbox 183 2335 1196 2385; baseline 0.006 -16"><span class='ocrx_word' id='word_1_277' title='bbox 183 2340 225 2370; x_wconf 79' lang='lat'>32</span> <span class='ocrx_word' id='word_1_278' title='bbox 254 2335 458 2382; x_wconf 78' lang='lat' dir='ltr'>divertens]</span> <span class='ocrx_word' id='word_1_279' title='bbox 487 2337 636 2372; x_wconf 86' lang='lat' dir='ltr'>veniens</span> <span class='ocrx_word' id='word_1_280' title='bbox 663 2337 718 2374; x_wconf 84' lang='lat' dir='ltr'>M.</span> <span class='ocrx_word' id='word_1_281' title='bbox 816 2341 859 2372; x_wconf 89' lang='grc'>33</span> <span class='ocrx_word' id='word_1_282' title='bbox 887 2339 982 2385; x_wconf 70' lang='lat' dir='ltr'>erat]</span> <span class='ocrx_word' id='word_1_283' title='bbox 1009 2350 1074 2374; x_wconf 82' lang='lat' dir='ltr'>om.</span> <span class='ocrx_word' id='word_1_284' title='bbox 1103 2340 1196 2375; x_wconf 60' lang='lat' dir='ltr'>libri.</span> 
     </span>
     <span class='ocr_line' id='line_1_36' title="bbox 1099 2399 1145 2432; baseline 0 -12"><span class='ocrx_word' id='word_1_285' title='bbox 1099 2399 1145 2432; x_wconf 66' lang='lat'>0*</span> 
     </span>
    </p>
   </div>
  </div>
 </body>
</html>
