1681 2576
148 788 190 818 10

146 1082 187 1112 15

144 1377 187 1407 20

143 1673 186 1703 25

142 1968 186 1998 30

222 68 306 108 124
633 67 924 102 Commentarius
951 66 1146 111 antiquior.

220 178 298 217 filio
326 191 396 216 suo
418 178 580 230 Cliniae,
606 178 708 229 quod
734 184 823 229 post
849 183 1021 216 scortum
1048 178 1093 216 ad
1121 190 1210 215 cum
1236 190 1416 216 reversus
1444 180 1494 216 sit
1519 180 1557 217 C.

218 236 246 275 4
277 237 412 287 serva]
452 249 500 275 ne
534 237 636 275 silius
673 249 785 275 meus
823 239 966 275 iterum
1004 249 1065 275 ine
1105 236 1331 287 relinquens
1365 242 1425 275 eat
1455 238 1556 276 mili-

218 301 352 334 tatum.
408 295 434 335 9
468 308 515 334 ea
549 295 630 345 via]
664 300 774 334 caute
807 300 845 334 et
876 308 946 346 per
979 296 1178 334 fallaciam.
1243 294 1296 334 13
1329 308 1419 334 ecce
1452 308 1556 335 nunc

219 357 330 405 quasi
380 355 535 393 fraudes
585 355 809 393 manifestat
859 355 955 405 Syri.
1037 352 1092 393 20
1138 354 1341 404 indulqes]
1393 367 1434 393 es
1482 355 1557 393 cle-

218 426 351 452 mens·
414 411 471 452 24
513 419 711 463 postremo
750 412 840 463 ela]
885 426 974 452 nam
1018 415 1092 452 ista
1130 413 1316 452 Chremes
1358 414 1458 452 fictis
1502 413 1557 451 lo-

219 474 353 523 quitur
377 471 519 510 verbis.
571 469 626 511 25
648 472 898 522 desponsam]
927 473 1210 523 desponsatam.
1262 471 1315 511 27
1343 472 1409 522 ne]
1436 474 1558 511 timeo

217 544 266 570 ne
305 531 421 583 forte,
459 531 519 569 vel
555 544 626 582 pro
665 536 780 569 certe.
856 531 1106 581 propediem]
1148 533 1325 582 proximo
1368 536 1556 582 tempore.

219 589 273 630 28
308 589 437 640 istius]
472 590 543 628 filii
575 590 773 628 adventus.

837 707 877 759 V,
905 705 940 746 1.

307 779 515 829 Separatus
546 778 798 817 Menedemus
831 791 851 816 a
882 777 1088 816 Chremete
1120 777 1295 828 loquitur
1327 790 1459 817 secum
1491 780 1555 816 ita.

215 835 244 876 4
281 837 458 887 caudex]
498 842 662 875 truncus
700 837 863 876 arboris.
931 836 1068 886 stipes]
1107 836 1328 875 immobilis.
1398 838 1552 887 asinus]

215 896 365 935 brutus.
407 896 630 946 plumbeus]
658 896 914 947 ponderosus.
960 894 985 934 6
1009 894 1274 945 maculando]
1301 897 1456 946 saepius
1476 896 1554 934 illis

215 957 359 1005 gratias
397 955 556 1006 agendo
619 954 858 1005 oplandere]
897 956 1107 1005 inportuna
1145 966 1230 992 esse
1262 954 1322 992 vel
1359 954 1556 993 hebetare.

216 1013 241 1053 9
271 1020 421 1064 qnatus
459 1019 592 1053 cessat
628 1026 718 1053 cum
757 1013 879 1064 Syro]
922 1026 1009 1051 nam
1049 1013 1169 1064 Syrus
1207 1025 1295 1051 cum
1335 1013 1556 1064 Clitiphone

214 1078 443 1125 perrexerat
473 1075 514 1111 in
546 1073 705 1111 domum
736 1072 955 1111 Menedemi
988 1085 1076 1110 cum
1108 1084 1281 1110 munere.
1343 1070 1399 1111 14
1430 1075 1556 1112 voltus

214 1145 370 1181 quoque
402 1132 492 1182 ete]
535 1133 798 1183 pantomimus
839 1136 991 1183 poterat
1029 1131 1124 1183 dici,
1168 1133 1431 1182 pantomimus
1473 1143 1554 1169 om-

214 1193 323 1231 nium
361 1193 533 1230 imitator
570 1191 746 1229 vultuum
782 1196 841 1229 est
873 1191 970 1228 EM.
1035 1188 1088 1229 16
1122 1190 1339 1240 veterator]
1377 1192 1555 1241 inpostor

215 1255 275 1289 est
307 1250 438 1301 Syrus.
502 1248 556 1288 19
590 1253 774 1289 iniecisse
812 1251 935 1288 verba
974 1248 1067 1298 tibi]
1108 1250 1315 1287 mentitum
1347 1262 1433 1288 esse
1469 1248 1553 1287 tihi.

215 1309 269 1349 26
301 1309 474 1359 subolet]
507 1308 781 1358 manifestetur
811 1308 871 1347 vel
902 1307 1135 1359 publicetur.
1190 1306 1243 1347 27
1277 1308 1404 1358 mitto]
1437 1307 1555 1346 verba

212 1369 462 1420 placationis,
501 1368 667 1418 qualiter
705 1367 809 1405 filius
846 1372 936 1405 tuus
976 1366 1275 1405 deosculabatur
1309 1366 1553 1405 Bacchidem.

214 1430 394 1467 osculari
430 1433 549 1475 alque
587 1426 837 1476 amplexari]
878 1425 959 1464 scil.
993 1426 1095 1476 quod
1135 1426 1232 1464 facio
1272 1427 1355 1477 ipse
1388 1426 1554 1477 quadam

214 1499 260 1525 ex
298 1491 419 1537 parte.
482 1491 521 1523 et
559 1485 722 1524 consilio
761 1485 983 1523 manifestat
1019 1484 1270 1523 Menedemus
1304 1485 1556 1537 Antiphilam,

213 1545 333 1584 filiam
365 1545 602 1597 Chremetis,
643 1546 808 1583 amicam
849 1556 935 1583 esse
974 1544 1044 1581 filii
1082 1545 1154 1582 sui.
1206 1545 1305 1582 ΒΜ.
1374 1542 1428 1583 29
1461 1556 1552 1583 eon-

214 1604 342 1654 clave]
376 1604 505 1642 locum
532 1608 729 1642 secretum
755 1603 851 1642 dicit
876 1604 917 1641 in
943 1603 1068 1641 domo.
1126 1601 1180 1641 33
1208 1602 1421 1652 operuere]
1450 1602 1553 1641 clau—

215 1669 360 1702 serunt.
412 1661 466 1703 36
495 1665 630 1702 decem
657 1665 813 1702 dierum
839 1661 930 1712 ete]
959 1661 1041 1700 scil.
1064 1663 1097 1699 si
1123 1674 1207 1700 eam
1233 1674 1391 1714 pavero,
1418 1662 1456 1699 id
1477 1667 1554 1700 est:

213 1724 276 1760 rix
302 1734 373 1773 per
399 1722 535 1760 decem
561 1722 644 1759 dies
670 1726 807 1772 potero
834 1733 960 1759 meam
985 1725 1204 1759 sustentare
1226 1720 1422 1772 familiam,
1448 1726 1554 1772 post-

214 1794 330 1832 quam
361 1780 523 1819 Bacchis
560 1781 713 1818 venerit
753 1792 841 1818 cum
880 1781 1065 1818 comitatu
1100 1792 1180 1817 suo.
1244 1777 1298 1817 39
1332 1779 1551 1829 commum]

213 1839 410 1879 amicabili
448 1841 495 1887 D,
544 1838 723 1877 benivolo
765 1840 802 1877 C.
875 1836 934 1877 40
974 1838 1175 1887 pellatur]
1223 1838 1304 1876 scil.
1343 1840 1553 1889 corrumpi.

212 1897 267 1938 41
295 1898 471 1948 hcthalze]
506 1898 645 1936 irridet
671 1897 917 1936 Chremetem
942 1897 1205 1935 Menedemus.
1260 1895 1317 1936 43
1350 1903 1445 1946 quot
1468 1897 1551 1947 res]

214 1970 330 2010 quam
356 1957 477 1995 multa
502 1957 658 1995 indicia.
705 1955 1018 2006 persentiscere]
1040 1968 1111 2006 pro
1133 1968 1369 2007 cognoscere
1390 1958 1437 2004 D,
1464 1969 1551 2007 per-

213 2029 450 2068 cognoscere
489 2017 542 2054 M.
611 2013 665 2055 57
705 2014 981 2064 suppeditare]
1025 2014 1336 2054 subministrare.
1404 2013 1459 2055 58
1499 2017 1556 2054 ad

212 2082 368 2115 rastros
393 2088 459 2114 res
485 2074 607 2125 redit]
639 2074 679 2112 id
705 2079 765 2113 est
790 2074 837 2112 ad
862 2078 1143 2126 paupertatem,
1168 2079 1211 2113 ut
1236 2076 1373 2112 rastris
1400 2086 1552 2125 operer,

213 2137 314 2174 sicut
345 2140 388 2173 tu
418 2134 557 2172 fecisti.
615 2130 671 2173 64
702 2135 802 2182 quid
826 2132 945 2182 dotis]
980 2130 1073 2183 quid
1103 2133 1240 2185 (licam,
1273 2138 1461 2184 quantum
1491 2134 1550 2170 vis

212 2195 304 2232 dare
331 2193 408 2231 filio
436 2205 522 2231 meo
554 2205 624 2243 pro
652 2192 730 2230 filia
754 2189 850 2230 tua?
897 2204 986 2229 nam
1018 2193 1234 2243 antiquitus
1268 2194 1369 2231 sicut
1396 2191 1553 2230 dotabat

307 2310 351 2340 13
376 2306 613 2351 inportunam
639 2305 724 2341 DC.
821 2309 863 2339 21
891 2304 990 2349 quod
1015 2304 1112 2340 facio
1138 2316 1203 2340 om.
1225 2306 1274 2341 D.

1670 88 1681 505 ..Q-*d
1674 0 1681 77 Δ...
