1681 2576
216 110 299 152 122
625 109 915 145 Commentarius
943 108 1138 154 antiquior.

210 221 362 277 yalz'or]
402 222 557 272 parcior
595 225 634 259 et
672 222 795 271 magis
833 220 1043 259 abstinens.
1115 217 1142 259 5
1181 219 1299 270 istuc]
1343 220 1552 272 alloquitur

214 280 390 319 Cliniam.
460 277 513 318 12
550 292 571 318 0
604 279 804 329 Iuppiter]
844 279 965 318 Clinia
1006 292 1072 318 sua
1113 291 1268 329 semper
1306 279 1443 329 gaudia
1480 282 1550 318 im·

214 339 421 389 miscebat,
461 338 565 375 unde
603 337 723 388 Syrus
760 338 999 377 tristabatur.
1069 335 1124 376 14
1157 336 1241 387 fer]
1282 342 1326 376 ut
1366 337 1470 376 idem
1511 340 1552 377 in

141 444 145 446 ἡ
213 397 363 448 Hecyra
391 394 530 447 [610]:
563 396 625 435 abi
655 401 699 435 tu
729 410 797 436 rus
824 409 915 447 ergo
947 397 1049 435 hinc.
1106 396 1161 434 ibi
1189 401 1227 434 te
1257 409 1327 447 ego
1355 402 1393 434 et
1422 402 1463 435 tu
1490 409 1551 436 me

146 757 188 788 10

147 1052 187 1082 15

143 1430 188 1460 20

143 1724 188 1755 25

144 2054 189 2085 30

145 2348 188 2379 35

216 456 328 494 feres.
375 458 448 494 Ds
498 454 551 495 16
590 458 665 495 hoc
703 468 781 495 non
819 456 931 506 aqes]
974 468 1051 494 non
1088 468 1150 494 me
1189 455 1339 494 iuvabis
1377 455 1437 494 vel
1474 468 1552 495 non

214 515 366 566 audies,
409 516 442 552 si
479 516 531 552 ita
568 516 892 565 perseveraveris
955 514 1090 564 aqam]
1128 515 1167 552 id
1201 519 1264 552 ‘est
1302 514 1456 553 audiam
1492 514 1553 553 vel

214 573 414 612 adiuvabo.
481 572 534 611 22
574 573 699 623 tenes]
742 573 948 624 intellegis.
1012 571 1064 612 31
1107 573 1298 623 palmam]
1338 574 1551 612 victoriam.

214 632 357 682 effero]
392 632 544 670 extollo.
603 630 657 670 33
686 645 781 671 vera
808 631 994 682 dicendo]
1028 632 1229 683 diasyrtici
1254 640 1453 684 vocantur,
1485 634 1553 683 qui

214 703 303 730 vera
347 691 552 742 loquentes
593 691 791 729 auditores
833 691 1043 741 decipiunt.
1116 691 1220 729 unde
1266 696 1303 729 et
1344 691 1553 742 diasyrtica

214 752 385 789 narratio
401 750 566 801 dicitur,
594 762 691 800 quae
718 750 809 788 licet
830 751 1020 788 veraciter
1046 749 1208 801 dicatur,
1234 749 1280 788 ab
1307 749 1551 788 auditoribus

214 821 292 847 non
319 809 493 847 creditur
520 810 621 847 sicut
645 809 718 847 1100
745 808 839 847 1000.
876 810 966 847 DE.
1018 807 1071 848 38
1099 808 1262 858 malum]
1290 808 1551 847 exclamando.

215 867 269 907 39
299 867 402 917 pax]
440 868 633 906 comicum
665 867 892 906 adverbium
924 880 994 919 pro
1026 867 1304 906 tantummodo.
1366 865 1421 906 41
1455 870 1555 916 quid

213 926 270 976 si]
309 928 491 965 ironicos.
561 930 714 966 caelum
753 926 865 976 ruat]
907 931 1180 977 argumentum
1220 925 1266 964 al)
1307 926 1551 977 impossibili.

213 983 271 1024 44
303 985 564 1035 traducatur]
598 985 814 1036 expellatur
844 986 936 1024 hinc
968 990 1006 1023 et
1032 985 1301 1023 introducatur
1327 987 1366 1022 in
1393 985 1552 1024 domum

214 1046 337 1095 patris
363 1046 451 1083 mei.
491 1045 631 1083 DUM.
688 1044 892 1083 traducere
921 1049 979 1083 est
1004 1043 1205 1095 publicare
1233 1045 1312 1082 sive
1340 1043 1551 1096 diffamare,

215 1104 282 1142 sed
314 1105 356 1141 in
386 1104 460 1142 hoc
493 1103 577 1142 loco
609 1116 680 1154 pro
712 1103 968 1142 transducere
1000 1105 1160 1154 ponitur
1195 1103 1236 1141 G.

823 1233 882 1284 IV,
907 1230 948 1270 4.·

302 1304 438 1342 Adhuc
463 1304 555 1342 dum
582 1308 687 1342 esset
705 1303 869 1342 Bacchis
896 1305 937 1341 in
957 1294 1079 1341 domo'
1091 1302 1310 1342 Chremetis
1333 1303 1553 1354 indignans,

216 1364 307 1413 quia
334 1363 453 1414 Syrus
481 1365 517 1401 ei
542 1364 729 1401 mentitus
756 1367 872 1414 esset,
899 1361 1053 1400 dicebat
1073 1366 1221 1400 secum.
1263 1361 1285 1401 7
1314 1365 1412 1401 satis
1437 1361 1551 1411 scite]

215 1423 397 1460 ironicos.
453 1421 568 1471 scite]
597 1422 721 1472 docte,
746 1421 920 1472 pulchre.
977 1419 1001 1459 9
1029 1433 1115 1460 mea
1137 1420 1337 1471 Phryqz‘a]
1366 1421 1454 1459 ficte
1479 1420 1556 1459 hoc.

215 1480 385 1533 dicebat,
426 1486 469 1518 ut
506 1480 658 1519 audiret
695 1480 826 1531 Syrus.
897 1477 948 1518 11
984 1479 1209 1530 curriculo]
1249 1481 1325 1517 cito
1358 1481 1405 1531 D,
1443 1479 1554 1518 brevi

215 1551 333 1578 cursu
369 1541 410 1578 G.
475 1537 529 1579 15
562 1539 675 1589 quin]
713 1544 829 1578 certe.
893 1537 946 1578 16
979 1550 1073 1577 num
1105 1551 1177 1587 eqo
1210 1538 1328 1588 insto]
1361 1538 1553 1589 numquid

215 1600 363 1637 exactio
390 1598 467 1636 ulla
492 1598 563 1636 tibi
592 1599 634 1637 fit
660 1611 680 1636 a
712 1611 785 1651 me,
817 1603 860 1636 ut
892 1603 933 1636 tu
965 1597 1033 1635 des
1066 1597 1162 1654 milii
1194 1602 1409 1648 argentum,
1441 1599 1554 1649 quasi

215 1658 381 1696 diceret:
424 1670 518 1696 num
557 1670 628 1708 ego
667 1657 876 1709 compello,
915 1661 959 1695 ut
996 1657 1064 1694 des
1102 1656 1208 1694 mihi.
1275 1656 1406 1706 sodes]
1445 1656 1552 1706 blau·-

216 1717 359 1754 dientis
386 1722 455 1755 est.
502 1715 555 1756 18
581 1716 728 1766 scelus]
751 1715 1011 1754 exclamando.
1059 1713 1111 1754 19
1137 1714 1316 1765 dianam]
1337 1715 1553 1767 irascendO,

216 1777 327 1826 quasi
359 1775 524 1813 diceret:
568 1777 621 1813 ita
651 1788 713 1814 me
746 1775 916 1826 deludis,
955 1776 1067 1825 quasi
1098 1774 1214 1824 digna
1246 1775 1320 1812 sim
1351 1773 1412 1812 his
1445 1773 1552 1812 delu-

216 1833 402 1873 sionibus.
466 1832 521 1873 25
553 1847 602 1873 ne
634 1837 699 1873 ille
729 1836 830 1873 haut
858 1832 950 1883 scit]
987 1845 1034 1871 ne
1067 1833 1159 1871 haut
1191 1844 1261 1884 pro
1294 1845 1552 1884 nequaquam,

214 1892 275 1931 vel
307 1893 415 1931 valde
447 1894 583 1931 nescit.

823 1974 882 2026 w,
908 1971 945 2013 5.

306 2044 327 2085 1
361 2045 562 2096 Chremes]
591 2058 723 2084 secum
749 2045 932 2096 loquitur.
982 2042 1035 2083 12
1062 2043 1247 2093 reddidi]
1282 2044 1418 2095 decepi
1450 2057 1552 2083 eum.

219 2102 273 2143 14
310 2110 433 2155 caput
473 2104 734 2155 demulceam]
780 2103 989 2142 osculando
1033 2109 1082 2142 te.
1159 2101 1212 2142 16
1255 2102 1370 2153 scite]
1415 2104 1552 2154 perite.

218 2162 271 2202 19
304 2176 394 2202 ecce
427 2164 601 2215 fraudes,
639 2176 734 2214 quas
771 2163 907 2202 habuit
944 2175 1032 2201 011111
1065 2162 1221 2200 domino
1258 2174 1328 2200 suo
1365 2174 1435 2213 pro
1469 2163 1552 2200 eius

215 2223 306 2261 filio.
364 2221 418 2262 28
452 2222 611 2271 tardus]
647 2222 798 2261 stultus.
859 2220 913 2260 32
946 2220 1117 2270 homini]
1152 2220 1233 2259 scil.
1265 2221 1426 2272 fugitivo
1454 2220 1551 2259 dabo

216 2281 334 2320 liliam
366 2279 520 2320 meam?
581 2279 636 2320 42
670 2284 742 2321 sed
772 2280 892 2330 illud]
928 2279 1197 2319 fraudulenter
1227 2292 1297 2330 per
1328 2280 1401 2318 1100
1433 2291 1453 2317 a
1485 2279 1552 2317 do-

215 2342 321 2379 mino
364 2353 434 2379 suo
473 2345 676 2391 argentum
713 2339 865 2378 volebat
906 2344 1156 2391 extorquere,
1199 2343 1243 2376 ut
1282 2338 1378 2377 illud
1418 2343 1553 2389 posset
