1681 2576
97 730 138 760 10

95 1023 136 1053 15

168 83 188 121 1
197 82 251 122 74
585 82 879 117 Commentarius
905 82 1095 117 recentior.

166 194 364 231 Simonem
399 193 445 231 de
478 195 736 243 responsione
764 192 964 243 Pamphili.
1022 192 1069 231 Et
1101 193 1173 231 hoe
1207 198 1289 231 erat.
1322 195 1415 231 satis
1447 206 1515 232 ne-

166 253 393 302 cessarium,
426 253 514 302 quia
543 252 648 289 Simo
683 251 860 289 dubitare
894 257 1058 303 poterat,
1091 264 1137 289 an
1171 253 1375 302 responsio
1403 251 1512 290 Pam-

165 310 262 360 phili
301 312 419 348 fuerit
456 310 720 361 fraudulenta,
763 311 829 360 qui
874 312 930 347 sie
969 312 1005 347 ei
1044 310 1247 360 respondit
1285 309 1512 348 liberaliter.

165 369 256 406 Ideo
301 370 488 406 remansit
532 368 658 405 Davus
701 368 747 406 ad
793 369 1026 407 firmandum
1071 369 1173 407 dicta
1218 368 1424 420 Pamphili,
1472 370 1512 406 in

165 429 351 465 maiorem
392 426 664 465 eredulitatem
703 431 745 464 ut
784 427 899 465 ducat
937 439 1081 465 senem.
1144 427 1192 465 Et
1231 431 1321 465 tune
1363 427 1512 465 nullum

164 486 294 524 locum
320 485 475 523 habebit
505 498 574 523 sua
601 485 808 523 simulatio.
864 485 965 536 Ergo
988 486 1200 524 ‘inducitur
1226 485 1350 524 Davus
1378 498 1510 523 seeum

164 545 346 595 loquens,
381 546 492 594 quasi
523 544 620 582 nolit
653 544 779 582 audiri
812 556 832 581 a
865 544 1040 596 Simone,
1080 549 1118 583 et
1150 549 1280 582 tamen
1313 549 1436 596 optat,
1468 549 1512 582 ut

165 603 356 654 audiatur,
377 609 419 641 ut
441 603 546 641 Simo
572 607 692 653 ponat
713 615 753 640 se
775 614 862 641 eum
884 615 928 640 eo
956 605 996 641 in
1016 603 1157 641 verbis.
1202 603 1250 641 Et
1270 603 1366 640 dicit
1385 602 1513 641 Davus

164 663 239 700 isto
268 662 400 700 modo:
433 662 515 713 Hie,
548 661 699 699 scilieet
731 661 848 699 Simo.

253 721 370 758 Andr.
386 720 426 772 V,
449 719 484 758 3.
519 720 705 758 Nuntiato
737 720 903 770 hospitis
936 720 1103 759 adventu
1134 733 1205 771 per
1225 720 1371 758 Davum
1398 720 1511 758 indu—

165 781 267 817 citur
294 779 366 817 alia
386 791 554 829 persona
575 779 793 830 mediatrix,
821 778 971 816 seilicet
990 778 1224 830 Pamphilus,
1251 780 1319 829 qui
1345 778 1511 817 adducat

165 850 299 876 senem
319 838 517 876 Critonem
539 850 670 875 eoram
691 837 848 875 Simone
871 842 908 875 et
926 837 1144 889 Chremete,
1165 842 1202 875 et
1222 837 1287 875 illo
1309 842 1509 875 asserente

165 896 385 947 Glycerium
432 909 517 935 esse
558 898 681 935 civem
719 896 885 934 Atticam
930 898 1058 934 onmia
1103 895 1370 934 concilientur.
1438 895 1509 933 Hie

164 960 294 993 autem
334 968 502 1006 persona
538 955 745 993 mediatrix
785 967 862 992 non
902 960 1055 1005 poterat
1093 955 1182 993 duci
1220 955 1398 1006 pacifice,
1444 955 1511 1004 qui

164 1020 243 1052 tam
275 1016 468 1052 contraria
496 1014 647 1058 Simoni
678 1015 887 1052 nuntiaret.
938 1014 1102 1052 Vocatus
1135 1015 1255 1063 igitur
1286 1012 1509 1063 Pamphilus

164 1085 184 1110 a
216 1078 338 1124 patre,
371 1075 438 1123 qui
471 1078 553 1111 erat
584 1074 625 1110 in
657 1073 771 1110 domo
799 1072 968 1123 Glycerii
994 1074 1035 1110 iu
1061 1071 1446 1110 confabulationibus
1473 1076 1511 1109 et

165 1132 338 1183 solaciis,
376 1132 596 1182 respondit:
642 1128 758 1177 ‘Quis
796 1143 857 1169 me
890 1131 988 1182 vult,
1025 1128 1160 1182 perii’,
1192 1136 1297 1168 totus
1335 1128 1513 1181 territus,

165 1192 255 1241 quia
287 1195 398 1241 pater
431 1203 525 1229 suus
557 1190 714 1228 videbat
747 1192 876 1240 ipsum
910 1202 996 1228 esse
1030 1191 1070 1227 in
1103 1189 1217 1227 domo
1250 1188 1429 1240 Glycerii.

259 1307 301 1338 12
323 1303 498 1338 Cremete.
588 1307 630 1337 13
652 1302 852 1338 Glieerium
871 1305 955 1338 item
976 1307 1022 1337 16
1042 1307 1074 1337 et
1095 1306 1151 1338 18.
1234 1306 1276 1336 17
1299 1300 1509 1335 sollaeitiis.
