1681 2576
175 467 179 471 .
194 439 213 469 5

173 734 215 764 10

176 1112 218 1142 15

176 1489 220 1520 20

179 1783 222 1814 25

183 2079 226 2109 30

241 85 261 124 l
268 84 291 124 4
298 84 327 124 4
652 82 945 117 Commentarius
973 81 1171 126 antiquior.

239 207 337 245 quae
370 195 447 232 cito
479 195 631 245 transit,
664 193 864 232 iracundia
898 193 963 231 diu
994 205 1240 244 permanens
1291 193 1412 244 unde,
1451 194 1483 231 si
1516 192 1584 230 diu

238 265 485 305 permanens,
526 253 753 290 inimicitias
786 257 984 290 secuntur.
1016 254 1059 290 E.
1132 250 1186 291 32
1229 251 1379 302 ilidem]
1423 251 1583 290 similes.

240 310 294 351 33
334 310 571 361 conciverit]
618 313 883 349 commoverit.
953 309 1007 350 35
1046 313 1249 360 trepidari
1291 310 1382 361 etc]
1423 310 1584 349 silenter

240 371 335 409 dicit
355 373 399 408 E.
448 369 502 410 38
524 369 630 420 tace]
658 371 732 408 iste
760 375 842 408 erat
861 370 1018 422 clamor,
1039 382 1115 421 quo
1136 370 1368 421 loquebatur
1387 369 1585 420 Myrrhina

241 443 329 468 cum
367 429 443 467 filia
489 441 568 467 sua.
636 426 693 468 45
731 441 903 477 quonam
947 432 1059 469 modo
1104 428 1194 478 etc]
1238 430 1440 480 ingressus
1481 430 1584 466 intro

241 488 405 527 dicebat.
451 489 653 536 offendam
681 487 887 537 affectam]
922 487 1085 526 obviabo
1118 489 1344 526 infirmitate
1377 493 1583 538 gravatam.

240 546 295 587 47
324 546 436 597 usus]
465 559 573 598 opus.
625 545 680 585 53
709 546 860 596 tulisse]
888 546 1077 586 intulisse.
1124 546 1491 597 comminiscentur]
1521 559 1585 585 ex-

242 606 477 658 cogitabunt.
529 603 586 645 54
612 607 740 655 capiti
755 609 890 654 'atque
916 609 1042 645 aetati
1067 605 1240 656 illorum]
1268 606 1466 644 maledicit
1490 605 1585 644 illis:

242 668 396 704 eveniat
428 670 466 703 et
498 669 686 716 augeatur
718 664 807 716 illis,
841 666 874 702 si
904 664 978 703 hoc
1011 669 1145 703 contra
1176 678 1247 704 nos
1280 665 1464 703 dixerunt
1485 666 1585 704 ΒΜ.

242 725 328 775 qui]
363 736 439 775 quo
472 724 598 762 modo.
650 721 706 762 55
740 726 779 762 in
813 726 966 762 crimen
999 723 1143 774 veniet]
1178 725 1224 762 de
1257 725 1445 763 veneficio
1472 725 1517 762 E.

855 853 917 905 111,
945 852 981 891 2.

332 925 506 963 Sostrata
538 926 681 962 iterum
711 925 871 962 veniens
904 924 951 963 ad
977 924 1213 963 visitandum
1233 924 1501 963 Philumenam
1533 925 1589 962 lo-

245 986 377 1035 quitur
404 996 549 1036 secum,
579 983 672 1022 dum
699 983 887 1021 Parmeno
915 988 1002 1021 ante
1030 985 1174 1022 ostium
1201 988 1322 1022 staret
1348 988 1387 1022 et
1410 983 1588 1035 planctus

244 1045 500 1095 parturientis
527 1042 690 1081 audiret.
742 1040 767 1080 3
794 1042 1028 1092 Aesculapi]
1056 1043 1152 1081 deus
1179 1043 1409 1081 medicinae.
1451 1042 1587 1092 Salus]

245 1103 316 1141 dea
349 1102 494 1141 salutis.
553 1100 577 1141 8
612 1103 670 1140 bis
704 1101 850 1150 facere
885 1105 1003 1140 stulte
1035 1101 1156 1151 duco]
1190 1103 1368 1152 geminae
1401 1101 1588 1140 stultitiae

245 1162 443 1200 deservire
476 1161 617 1199 iudico.
671 1158 724 1199 12
758 1160 879 1210 cura]
914 1160 1146 1199 sollicitudo.
1198 1158 1252 1199 14
1285 1160 1501 1211 remittent]
1535 1160 1588 1199 la-

245 1221 403 1272 xabunt,
435 1221 667 1259 dimiserint.
724 1217 777 1258 21
812 1219 986 1269 tumulti]
1014 1221 1184 1270 antique.
1236 1218 1289 1258 23
1316 1219 1447 1270 sodes]
1481 1219 1589 1258 blan-

246 1281 402 1318 dIentis.
454 1276 510 1318 24
536 1278 696 1329 pueris]
731 1280 799 1329 qui
829 1280 991 1317 veniunt
1022 1279 1070 1317 de
1102 1281 1200 1317 navi.

856 1408 918 1460 111,
945 1407 981 1447 3.

335 1479 559 1531 Pamphilus
587 1479 793 1530 egrediens
820 1492 840 1517 a
861 1479 1101 1531 Philumena,
1128 1481 1257 1518 sciens
1284 1492 1369 1518 eam
1394 1481 1591 1531 parturire

248 1541 510 1590 ignoransque
523 1543 728 1590 stuprum,
755 1538 858 1589 quod
884 1539 1043 1577 fecisset
1069 1551 1157 1577 cum
1184 1551 1228 1577 ea
1249 1538 1393 1591 ebrius,
1418 1536 1592 1590 loquitur

249 1611 392 1637 secum.
421 1599 518 1638 EM.
563 1595 589 1637 5
610 1610 670 1637 me
690 1597 891 1647 corripui]
913 1599 1032 1640 inieci
1053 1598 1181 1637 subito
1201 1610 1274 1636 me.
1323 1597 1348 1637 6
1371 1597 1589 1647 adfectam]

250 1670 415 1707 aegram.
474 1656 498 1696 8
538 1656 599 1706 id]
641 1657 738 1695 ideo.
798 1654 853 1696 10
880 1656 986 1707 fors]
1027 1662 1198 1696 eventus.
1258 1655 1310 1695 12
1350 1656 1481 1707 recta]
1520 1669 1591 1708 pro

249 1722 355 1755 recte
383 1715 442 1754 vel
468 1721 576 1755 reeta
601 1717 672 1754 via.
726 1714 780 1754 15
807 1715 889 1765 res]
918 1716 1028 1754 dolor
1052 1717 1335 1767 parturitionis
1381 1715 1591 1765 conqueri]

250 1777 418 1826 gemitus
456 1776 723 1825 parturientis.
783 1773 834 1814 17
869 1775 1069 1825 percitus]
1108 1774 1331 1827 perculsus,
1364 1779 1592 1813 commotus,

252 1833 305 1874 18
339 1833 507 1883 accidit]
540 1835 815 1884 prosternitur.
868 1831 924 1873 20
961 1839 1004 1873 ut
1036 1847 1101 1873 res
1140 1836 1239 1873 dant
1267 1833 1368 1883 sese]
1410 1835 1442 1872 si
1475 1834 1595 1872 suerit

251 1893 424 1946 adversa,
466 1894 614 1931 erimus
655 1892 839 1944 humiles,
885 1894 918 1931 si
948 1893 1067 1932 fuerit
1098 1905 1302 1945 prospera,
1344 1892 1593 1931 sublimiores

252 1954 391 1990 animo.
437 1956 475 1990 et
499 1956 661 2002 propter
688 1951 926 2003 Myrrhinam
952 1952 1025 1991 hoc
1052 1952 1157 2004 dicit,
1189 1953 1291 2004 quia,
1318 1953 1351 1990 si
1377 1953 1413 1990 ei
1440 1952 1595 1990 fortuna

251 2023 440 2062 prospera
482 2012 638 2063 fuisset,
682 2022 760 2048 non
805 2011 850 2049 ad
891 2010 1084 2062 Pamphili
1125 2023 1251 2062 genua
1290 2011 1594 2062 provolveretur.

253 2069 308 2109 23
342 2073 478 2109 vilium
511 2076 569 2109 est
600 2069 791 2120 oblatum]
832 2075 1010 2121 stuprum
1049 2076 1108 2109 est
1145 2070 1317 2108 inlatum.
1370 2068 1425 2109 25
1457 2069 1593 2119 orata]

254 2142 401 2180 preces.
461 2127 514 2168 26
549 2128 639 2178 fors
672 2128 860 2179 fortuna]
901 2135 1061 2168 eventus
1103 2130 1297 2168 fortuitus.
1355 2127 1409 2168 29
1448 2128 1593 2177 amico]

350 2235 369 2265 6
397 2232 592 2276 gravatam
613 2231 715 2275 EM,
742 2233 988 2276 aggravatam
1007 2232 1062 2274 D,
1089 2231 1284 2276 gravidam
1308 2231 1342 2266 G.
1465 2233 1506 2264 16
1534 2229 1595 2264 de-

257 2278 392 2313 servire
417 2278 558 2324 iudico]
587 2277 749 2312 deservit
773 2278 910 2313 iudicio
932 2280 978 2325 E,
1027 2279 1188 2313 deservit
1207 2279 1256 2314 D.
1353 2281 1397 2312 20
1423 2276 1597 2322 Pamphi-

255 2326 327 2371 lus]
355 2337 419 2360 om.
448 2326 493 2360 E.
592 2329 633 2359 21
663 2325 785 2359 ebrius
813 2337 878 2361 om.
900 2327 945 2361 Ε.
