1681 2576
102 767 145 797 10

102 1061 144 1090 15

101 1355 145 1385 20

103 1649 148 1679 25

107 2032 152 2062 30

170 102 255 143 154
583 100 874 136 Commentarius
902 100 1100 145 antiquior.

779 211 842 262 111,
869 210 905 250 2.

258 287 370 339 Geta,
409 300 545 326 servus
585 287 781 326 Sostratae
826 293 864 326 et
904 287 1144 340 Pamphilae,
1189 288 1369 339 audiens,
1412 289 1513 339 quod

169 347 388 385 Aeschinus
415 346 583 396 puellam
609 346 762 385 lenonis
782 348 990 398 rapuisset,
1015 348 1176 399 putavit,
1203 347 1305 398 quod
1333 347 1378 385 ad
1401 359 1516 386 suum

170 417 268 456 opus
312 417 397 443 eam
441 405 613 456 tulisset,
658 410 695 443 et
734 405 964 444 condolebat
1003 407 1168 444 nimium
1205 407 1367 457 timens,
1412 406 1515 457 quod

172 465 398 515 Sostratam,
430 463 628 502 dominam
661 476 781 515 suam,
814 469 852 502 et
883 464 1134 515 Pamphilam,
1167 464 1285 503 filiam
1318 466 1415 516 eius,
1446 477 1517 515 pro

169 522 292 561 nihilo
325 522 510 573 deinceps
544 523 717 574 duceret,
750 524 817 573 qui
847 535 1031 574 magnum
1058 523 1245 562 auxilium
1272 525 1329 562 eis
1355 523 1517 574 praebe-

169 581 236 620 bat
267 586 429 632 propter
459 581 718 633 Pamphilam,
758 594 874 631 quam
912 582 1063 620 amabat
1092 584 1180 621 GE.
1232 582 1344 634 Geta,
1383 595 1518 620 servus

171 640 381 692 Sostratae,
402 640 449 678 ad
470 641 667 679 dominam
688 652 799 679 suam
824 637 1069 692 <pergebat>
1089 643 1165 679 iam
1187 642 1327 693 sciens,
1349 641 1519 692 qualiter

170 699 388 738 Aeschinus
420 705 603 750 rapuerat
628 699 790 737 alteram
815 699 1012 751 feminam,
1044 704 1082 738 et
1108 702 1251 738 timens
1278 705 1314 738 et
1343 712 1518 752 sperans,

172 759 284 809 quasi
322 760 383 797 sui
422 758 468 796 ad
507 771 605 809 opus
636 758 710 797 hoc
744 758 901 796 fecisset
931 758 1166 810 Aeschinus,
1200 759 1353 797 dicebat
1385 771 1519 798 seeum

170 819 294 856 iratus
321 816 488 856 multum
502 818 601 856 ΒΜ.
649 815 671 856 1
694 816 812 867 illud]
836 817 917 855 scil.
938 822 1104 868 tempus.
1142 815 1171 856 4
1191 817 1517 868 circumvallant]

170 889 232 914 me
255 881 293 914 et
313 876 510 914 dominam
529 888 656 914 meam
677 876 932 914 circumdant.
977 874 1004 915 5
1026 876 1098 926 vis]
1120 876 1225 915 illata
1246 876 1293 914 ah
1313 876 1518 915 Aeschino.

170 935 359 985 solitudo]
395 937 485 985 quia
518 937 603 973 sine
636 940 807 973 amatore
840 936 916 973 erit
942 935 1108 973 domina.
1161 935 1346 985 infamia]
1374 935 1520 974 malum

171 1006 316 1032 nomen
340 994 401 1032 rel
433 1000 623 1045 stuprum.
670 993 693 1033 7
722 1007 781 1033 mc
813 994 1017 1044 miseram]
1052 995 1299 1045 interruptio.
1351 993 1376 1034 8
1399 994 1519 1044 sides]

173 1065 288 1104 quam
332 1055 513 1103 promisit
555 1065 632 1091 non
677 1052 792 1091 aliam
836 1065 877 1091 se
928 1053 1148 1092 ducturum.
1219 1053 1520 1103 iusiurandum]

174 1112 277 1163 quod
303 1113 498 1151 iuraverat
526 1112 704 1150 dominae
732 1124 852 1163 meae,
878 1124 927 1150 ne
955 1112 1001 1150 ab
1029 1124 1073 1150 ea
1099 1112 1332 1150 discederet.
1378 1110 1431 1151 11
1458 1125 1522 1151 sa·

173 1170 239 1221 tis]
282 1170 394 1209 bene.
459 1169 512 1211 18
551 1170 772 1220 sublimem]
817 1184 836 1208 a
874 1176 978 1209 terra
1018 1183 1254 1222 suspensum
1286 1172 1332 1209 D.
1391 1173 1523 1220 capite

168 1230 362 1280 primum]
390 1231 545 1268 inverso
573 1242 747 1280 corpore.
794 1228 848 1268 22
872 1230 1095 1280 impertire]
1124 1231 1357 1281 participem
1382 1230 1523 1281 facere,

171 1294 216 1327 ut
253 1290 338 1340 ipsa
376 1290 574 1328 resciscat.
625 1290 809 1339 impertio
841 1294 880 1327 te
911 1286 1141 1340 ὑπαλλαγή
1173 1293 1303 1339 potest
1335 1301 1440 1340 esse,
1481 1293 1525 1327 ut

173 1348 341 1386 dicatur:
375 1348 443 1386 sed
475 1360 586 1386 cesso
612 1348 686 1386 hoc
712 1347 857 1386 malum
883 1349 1086 1398 impertire
1119 1360 1220 1386 erae.
1266 1345 1322 1387 25
1348 1350 1387 1386 ei
1410 1347 1524 1397 mihi]

173 1408 384 1445 exanimati
410 1407 579 1445 hominis
606 1408 791 1458 exprimit
822 1411 986 1456 gestum.
1031 1404 1085 1445 37
1114 1406 1321 1456 prospice]
1352 1406 1524 1445 consule.

174 1464 228 1504 39
255 1465 567 1516 proferendum]
601 1465 891 1517 publicandum.
941 1462 996 1504 41
1027 1467 1176 1512 infitias
1209 1464 1296 1515 ibit]
1330 1465 1370 1503 id
1397 1470 1456 1503 est
1482 1467 1522 1503 in

174 1526 401 1575 negationes
439 1524 512 1563 ibit
549 1537 591 1563 ac
629 1537 700 1575 per
736 1524 809 1562 hoc
848 1524 1006 1574 negabit
1043 1537 1063 1562 a
1103 1536 1144 1562 se
1183 1524 1337 1562 factum.
1394 1522 1450 1563 49
1486 1524 1526 1563 ‘si

176 1587 326 1631 infitias
359 1583 448 1633 ibit]
478 1585 510 1621 si
537 1585 737 1634 negaverit
764 1596 805 1621 se
831 1583 996 1621 violasse
1024 1583 1144 1621 11113111
1169 1595 1308 1621 meam.
1360 1582 1522 1632 anulus]

176 1655 252 1693 quo
285 1643 536 1694 desponsavit
568 1655 653 1681 eam
684 1642 744 1680 vel
777 1654 893 1693 quem
926 1644 1120 1693 amiserat,
1153 1654 1241 1680 cum
1274 1654 1359 1680 eam
1392 1643 1523 1692 oppri-

176 1707 312 1740 meret.
369 1699 424 1741 52
464 1701 675 1751 experiar]
714 1701 887 1752 probabo
925 1701 1082 1739 iudicio.
1133 1703 1233 1749 quid
1263 1700 1369 1750 istic]
1404 1706 1522 1751 certe,

176 1773 267 1811 pars
299 1762 539 1799 affirmantis.
592 1758 649 1799 54
674 1760 864 1809 summus]
894 1759 974 1797 scil.
1003 1761 1162 1798 amicus.
1213 1758 1353 1809 coluit]
1376 1758 1522 1797 dilexit.

789 1888 852 1940 111,
879 1887 915 1927 3.

267 1966 409 2004 Demea
451 1966 613 2005 audiens
655 1965 778 2004 filium
820 1977 934 2003 suum
976 1965 1254 2016 Ctesiphonem
1294 1966 1526 2016 participem

179 2026 301 2063 fuisse
322 2026 480 2076 rapinae
501 2027 542 2063 in
562 2025 657 2063 haec
676 2023 795 2062 verba
814 2025 995 2075 prorupit
1015 2026 1051 2062 B
1064 2026 1095 2063 C
1102 2024 1154 2063 M.
1199 2023 1343 2065 Demea
1362 2023 1525 2062 audiens

178 2084 302 2123 filium
329 2097 443 2123 suum
469 2084 746 2135 Ctesiphonem
771 2085 1002 2134 participem
1029 2095 1115 2121 esse
1138 2084 1179 2121 in
1199 2088 1313 2134 raptu
1331 2082 1526 2133 puellulae

179 2156 269 2181 cum
294 2143 499 2195 Aeschino,
526 2144 644 2181 fratre
672 2154 755 2194 suo,
782 2144 949 2180 nimium
976 2142 1109 2180 doluit.
1154 2147 1285 2180 tamen
1310 2141 1526 2192 ignorabat,

275 2296 295 2327 8
321 2292 516 2338 pergebat]
537 2293 677 2327 addidi.
764 2295 783 2325 9
806 2292 843 2326 et
861 2295 944 2326 ante
963 2290 1098 2325 timens
1119 2301 1184 2325 om.
1204 2289 1305 2325 DM.
1394 2293 1435 2323 21
1466 2300 1524 2323 ex-

181 2338 353 2385 animati]
381 2339 595 2374 exanhelati
615 2338 701 2374 DE
706 2338 759 2373 M.
