1681 2576
398 124 836 160 Heautontimorumenos
856 124 899 167 V,
922 128 940 158 1
953 125 1046 169 —V,
1067 129 1097 159 3.
1341 126 1425 167 125

87 237 251 275 maritus
277 248 451 289 uxorem,
483 237 537 274 ita
569 240 607 274 et
637 247 737 273 uxor
768 236 962 274 maritum.
1019 234 1074 276 69
1102 236 1268 286 dimisse]
1304 236 1423 288 depu-

86 300 201 341 tasse.
260 293 314 334 70
340 294 529 345 emirari]
562 293 670 332 valde
703 295 838 332 mirari
864 295 965 333 ΒΜ.
1025 293 1080 334 74
1110 294 1235 345 mitte]
1269 308 1339 346 pro
1367 296 1423 334 di-

87 355 208 392 mitte.
266 352 320 393 75
347 353 440 404 aye]
472 353 664 392 hortantis
692 354 738 391 D.
796 351 850 392 76
877 354 1040 404 liberos]
1074 356 1264 405 ingenuos
1291 361 1329 393 et
1355 367 1423 393 no-

86 412 196 451 biles.
264 411 556 462 confutabitur]
599 411 862 462 castigabitur.
933 412 984 452 77
1024 416 1097 452 sed
1131 413 1296 464 Syrum]
1341 413 1422 452 scil.

86 471 297 522 flagellabo.
339 473 437 520 quid
454 471 559 520 eum]
582 470 665 509 scil.
679 470 902 521 ssagellabis.
944 472 1202 522 exornatum]
1225 479 1423 511 carentem

86 536 234 569 ornatu.
298 529 352 570 78
386 529 598 580 depexum]
631 529 854 568 laceratum.

701 659 742 711 V,
768 658 805 698 2.

173 735 197 774 2
231 736 412 786 eiecerit]
453 738 664 775 removerit
695 736 741 775 ah
775 749 905 775 amore
938 749 1008 775 suo
1042 738 1141 775 ΒΜ.
1204 735 1230 775 9
1263 737 1420 787 omisso]

83 795 286 847 dissoluto,
311 795 465 834 lascivo.
518 793 572 835 10
600 795 752 846 prima]
782 797 938 846 optima.
994 799 1204 835 consulere
1231 798 1270 835 in
1297 799 1420 845 lonqi-

83 854 276 904 ludz'nem]
315 854 355 892 id
389 860 449 893 est
479 855 607 893 sutura
641 856 822 906 cogitare.
887 853 938 893 11
974 854 1129 904 efferes]
1171 855 1217 893 ad
1249 856 1422 906 inopiam

82 915 320 964 pervenires.
381 912 432 952 17
462 913 650 964 disperii]
683 913 792 952 valde
818 915 930 965 perii.
983 912 1037 952 22
1065 914 1198 964 aram]
1233 914 1279 952 ad
1306 926 1421 965 quam

83 973 300 1025 confugias,
338 972 536 1011 auxilium.
600 971 654 1011 23
693 972 965 1023 precatorem]
1006 974 1073 1024 qui
1110 978 1147 1011 te
1186 978 1320 1011 contra
1359 986 1420 1012 me

82 1037 252 1070 excuset.
303 1030 356 1070 31
379 1032 497 1082 quid]
525 1037 568 1070 ut
594 1033 646 1070 sit
665 1033 911 1082 interruptio
960 1029 1016 1070 43
1037 1038 1101 1071 sat
1119 1031 1246 1082 recte]
1275 1044 1419 1071 secum.

80 1088 137 1129 45
170 1093 209 1129 2⁹72
247 1093 352 1139 leqes
389 1094 575 1138 conficiet
610 1090 722 1141 suas]
762 1092 802 1129 in
838 1103 947 1129 suam
980 1091 1227 1129 concordiam
1261 1091 1419 1130 concili—

81 1149 171 1188 abit.
231 1147 287 1188 46
320 1152 422 1188 m'lee'l
447 1149 628 1199 qratiae]
669 1149 750 1188 scil.
783 1150 928 1188 referat
965 1149 1012 1187 oh
1051 1150 1141 1202 hoc,
1181 1150 1283 1201 quod
1316 1163 1419 1189 nunc

80 1220 163 1260 ago,
190 1209 223 1247 si
249 1213 383 1259 postea
404 1221 567 1247 uxorem
594 1208 760 1247 duxerit.
801 1207 856 1248 47
884 1211 983 1257 quid
1006 1208 1098 1259 hoe]
1127 1221 1245 1260 quare
1267 1211 1420 1261 crepuit

80 1269 235 1306 ostium.
300 1267 433 1317 suffio]
474 1272 726 1318 conspectum
765 1267 881 1306 illius,
954 1265 1010 1306 49
1047 1268 1318 1318 precatorem]
1359 1281 1419 1307 re-

80 1327 376 1365 conciliationis.

697 1410 738 1462 V,
765 1408 801 1448 3.

169 1486 359 1538 Sostrata,
399 1499 498 1524 uxor
536 1486 788 1538 Chremetis,·
814 1486 950 1525 videns
992 1486 1114 1524 filium
1157 1499 1270 1525 suum
1309 1487 1416 1526 Cliti-

79 1545 247 1596 phonem
284 1546 436 1583 tristari
474 1545 521 1583 oh
563 1547 734 1583 animum
772 1547 893 1596 patris
931 1551 1065 1584 contra
1104 1558 1144 1583 se
1181 1552 1417 1585 commotum

78 1603 233 1642 dicebat
269 1603 484 1656 Chremeti,
525 1606 605 1642 viro
645 1617 726 1643 suo.
796 1603 820 1642 2
856 1604 974 1654 adeo]
1017 1604 1136 1643 valde.
1203 1602 1232 1643 4
1270 1608 1417 1655 peryz'n

76 1665 221 1702 mulier
262 1662 361 1713 esse]
404 1663 565 1702 molesta
606 1675 691 1702 esse
732 1665 777 1702 D.
854 1662 875 1702 7
919 1663 1065 1713 restas]
1110 1665 1264 1702 resistis
1308 1664 1415 1703 mihi.

78 1720 104 1761 8
137 1733 255 1770 quam
293 1724 451 1770 quidem
488 1722 645 1773 redeat]
688 1728 895 1773 antequam
935 1722 1028 1761 lice't
1068 1728 1109 1761 tu
1151 1723 1322 1774 loquaris
1362 1724 1414 1762 M.

77 1782 134 1819 ad
163 1780 380 1831 inteqrum]
414 1781 459 1819 ad
492 1782 720 1832 perfectum.
782 1780 834 1821 16
867 1780 963 1831 non]
998 1782 1079 1820 scil.
1107 1782 1194 1820 ideo
1227 1782 1417 1821 abicietur

76 1839 192 1891 filius,
225 1841 313 1890 quia
345 1840 423 1878 [ilia
455 1842 610 1879 inventa
642 1846 712 1879 est.
774 1840 902 1879 aliter:
935 1853 1012 1879 non
1044 1841 1150 1879 dicas
1182 1841 1303 1879 {ilium
1337 1854 1415 1880 non

78 1910 165 1936 esse
192 1903 328 1936 tuum..
366 1897 418 1939 18
448 1902 658 1939 convinces
683 1899 774 1950 elea]
802 1899 1083 1938 contumeliose
1111 1902 1288 1951 increpat
1314 1913 1415 1939 eam:

78 1956 169 1994 licet
195 1956 321 2009 velim,
353 1963 396 1996 ut
415 1971 485 2009 pro
513 1958 588 1997 filia
616 1960 781 1997 eiciatur
807 1958 922 2011 silius,
952 1961 1062 2010 quasi
1090 1971 1166 1997 non
1194 1961 1245 1998 sit
1269 1965 1415 2011 noster,

78 2017 135 2053 tui
168 2028 296 2054 mores
322 2022 464 2070 tamen,
496 2019 535 2056 in
563 2018 704 2069 quibus
736 2018 808 2056 tibi
833 2018 941 2056 valde
975 2018 1191 2056 consimilis
1223 2024 1294 2069 cst,
1326 2032 1414 2069 pro-

76 2073 224 2113 babunt
257 2081 364 2113 {uum
396 2088 483 2114 csse
517 2076 637 2115 filium
671 2082 709 2115 et
741 2077 788 2115 ob
827 2077 899 2115 hoc
931 2083 1041 2115 tuum
1074 2079 1282 2116 convinces
1315 2090 1414 2129 esse,

78 2133 163 2171 lice!
200 2146 341 2182 negare.
374 2134 553 2174 volucris.
607 2134 660 2174 21
694 2136 873 2185 severus]
909 2137 1043 2174 tristis.

171 2262 191 2292 6
218 2261 387 2294 ornatam
413 2260 460 2295 D.
540 2264 582 2294 21
610 2262 849 2306 commotum]
876 2262 1100 2296 commatum
1127 2262 1176 2305 D,
1208 2272 1289 2296 eum
1317 2272 1414 2296 eom-

76 2307 217 2340 motum
243 2308 292 2351 E,
318 2318 401 2341 eum
427 2310 648 2342 commetnm
677 2309 711 2343 C.

1451 864 1492 894 10

1449 1137 1531 1189 15'

1443 1494 1487 1525 20

1442 1788 1487 1820 25

1440 2085 1485 2115 3¹?
