1681 2576
466 106 484 144 ξ
507 105 537 136 1.
575 102 629 136 De
655 100 829 146 Calliopii
854 100 1076 136 recensione.
1421 100 1445 140 7

104 212 261 265 phonis,
293 218 333 251 ut
368 214 408 250 in
439 211 527 263 DG,
565 213 605 249 in
637 211 664 249 C
698 211 773 249 dno
807 213 963 249 nomina
996 210 1125 262 allata,
1165 212 1232 249 sed
1265 213 1445 262 personis

104 272 200 311 falso
233 271 417 310 attributa
451 275 551 309 sunt.
602 270 699 308 Eun.
727 269 767 322 V,
793 268 820 309 5
853 282 972 308 senex
1006 271 1045 307 in
1078 269 1141 308 PC
1176 270 1270 308 falso
1298 270 1445 308 Laches

56 381 59 384 Δ
103 333 339 382 nominatur,
372 334 414 368 ut
446 331 485 367 in
518 328 597 367 DG.
649 328 761 367 Haut.
790 328 847 380 IV,
874 327 894 367 1
931 330 971 366 in
1003 328 1191 367 Bembino
1225 330 1315 367 anui
1349 329 1446 367 Can-

102 391 214 429 thara
245 401 388 428 nomen
427 388 557 439 datur,
596 387 660 426 PC
694 393 736 426 ut
768 387 838 425 DG
870 399 1012 426 nomen
1045 400 1123 426 non
1155 388 1340 439 afferunt,
1379 388 1447 425 sed

103 450 297 488 nutricem
324 459 408 485 eam
435 447 653 497 significant
683 442 748 499 (cf.
777 459 808 484 v.
829 443 888 500 4).
933 446 1045 484 Haut.
1073 446 1131 498 IV,
1154 446 1176 486 7
1211 448 1251 484 in
1277 446 1307 484 D
1341 452 1447 485 ante—

104 508 259 547 cedenti
292 518 453 544 scsaenae
487 505 667 543 adiuncta
700 510 770 556 est,
800 507 931 556 itaque
958 505 1075 543 index
1102 505 1221 543 deest.
1266 505 1330 543 PC
1358 518 1447 544 cum

102 568 256 617 pictura
293 576 431 603 novam
470 576 649 602 scaenam
688 565 898 616 incipiunt,
944 564 1011 602 sed
1050 564 1167 602 index
1205 566 1245 602 in
1280 569 1446 615 utroque

103 625 203 663 libro
236 624 453 675 posteriore
486 635 604 661 manu
637 623 790 661 additus
823 628 892 661 est.
937 623 1049 661 Haut.
1072 623 1112 674 V,
1135 621 1155 661 1
1192 624 1231 660 in
1258 622 1321 660 PF
1350 623 1446 661 duae

102 685 268 735 figurae,
298 682 550 720 Menedemus
584 687 622 720 et
654 682 858 733 Chremes,
890 683 1029 734 pictae,
1063 681 1130 719 sed
1164 686 1347 732 quattuor
1379 694 1447 719 no-

102 744 271 781 minatae
313 746 405 779 sunt
446 753 566 791 aeque
609 746 724 792 atque
765 742 807 779 in
844 740 892 791 D,
933 740 1001 779 uhi
1041 740 1135 779 haee
1178 752 1317 778 scaena
1359 752 1448 778 011111

104 802 286 852 sequenti
318 801 525 838 coniuncta
558 805 627 838 est.
689 800 844 838 Phorm.
866 800 905 850 V,
934 799 958 839 8
992 805 1127 837 auctor
1159 799 1349 837 librorum
1382 798 1446 837 Pt]

103 860 271 899 eundem
303 859 486 911 indicem,
519 860 585 909 qui
617 870 721 897 nune
754 860 793 896 in
821 857 929 896 ADG
962 863 1032 910 est,
1065 860 1105 896 in
1137 858 1346 909 archetypo
1377 870 1446 895 suo

102 920 268 957 invenit:
300 917 502 970 Demipho,
535 917 733 969 Cln‘emeS,
767 930 880 956 senes
908 917 996 968 duo,
1029 916 1211 955 Phormio
1240 918 1446 968 parasitus.

102 978 146 1016 In
172 979 324 1029 pictura
350 981 480 1015 autem
507 976 634 1014 media
659 976 842 1014 Phormio
870 976 1040 1014 clamans
1068 977 1329 1027 cognoscitur,
1359 980 1447 1013 ante

103 1049 192 1076 eum.
224 1036 414 1086 Demipho
447 1035 555 1074 vultu
592 1037 753 1087 minaei,
799 1048 819 1073 a
851 1040 960 1085 tergo
993 1036 1078 1073 eius
1111 1035 1314 1086 Chremes,
1359 1047 1447 1073 cum

103 1096 286 1135 clamanti
325 1094 552 1132 Phormioni
593 1107 635 1132 os
677 1095 898 1145 opprimere
938 1099 1111 1132 conatur.
1185 1093 1282 1131 Huic
1329 1094 1449 1143 igitur

102 1157 277 1206 picturae
315 1158 358 1192 ut
395 1153 565 1191 indicem
597 1153 842 1205 adaptarent,
879 1165 1017 1190 manus
1050 1154 1292 1191 recentiores
1325 1154 1448 1189 nomi-

102 1226 197 1253 num
229 1212 407 1251 ordinem
446 1213 501 1250 sie
535 1217 829 1251 converterunt:
867 1211 1056 1261 Demipho
1090 1223 1221 1263 senes,
1266 1211 1448 1248 Phormio

102 1273 310 1324 parasium,
343 1271 530 1309 Chremes
558 1270 645 1309 duo.
685 1270 751 1310 Ad.
773 1271 818 1323 ΙΙ,
842 1268 863 1309 1
893 1274 1077 1321 quattuor
1103 1282 1294 1320 personae
1322 1271 1448 1321 pictae

103 1336 212 1383 sunt,
249 1330 411 1369 totidem
443 1332 483 1368 in
515 1330 546 1367 A
576 1331 846 1368 nominantur:
885 1329 1047 1380 Sannio,
1079 1328 1259 1381 Bacchis,
1291 1328 1451 1366 Aeschi-

102 1403 195 1443 nus,
235 1390 443 1441 Parmeno,
486 1390 527 1427 in
559 1388 623 1427 PC
662 1394 742 1427 tres
780 1393 930 1427 tantum
970 1394 1012 1426 ut
1045 1390 1085 1425 in
1118 1387 1187 1425 DG
1220 1389 1448 1426 afferuntur.

102 1449 267 1488 Maxime
300 1461 391 1486 vero
425 1460 471 1486 ex
504 1447 571 1485 Ad.
592 1447 644 1499 II,
669 1445 697 1485 4
732 1452 909 1499 apparet,
949 1459 1064 1497 qnam
1097 1448 1200 1484 inter
1232 1460 1272 1483 se
1308 1446 1449 1484 similia

103 1509 250 1546 suerint
287 1507 494 1557 archetypa
532 1506 723 1544 librorum
761 1506 824 1545 PC
862 1511 899 1543 et
937 1505 1024 1544 DC:
1070 1507 1109 1543 in
1147 1511 1314 1556 1111011110
1356 1504 1451 1543 011111

102 1567 191 1605 talis
223 1566 340 1604 index
372 1564 603 1603 habebatur:

388 1624 604 1662 Aeschinus
638 1623 821 1674 Ctesipho
855 1624 975 1674 Syrus
1009 1623 1153 1661 Sannio

418 1682 689 1721 adulescentes
709 1682 742 1720 ΙΙ
863 1683 967 1720 idem
1042 1682 1117 1720 dno

103 1743 132 1781 G
169 1743 326 1794 scripsit
358 1738 482 1780 ‘item'
516 1753 586 1792 pro
620 1738 768 1792 eidem',
801 1741 828 1779 C
861 1753 932 1791 pro
965 1737 1112 1792 ς1110111’,
1145 1740 1247 1790 quod
1281 1752 1359 1778 non
1392 1740 1450 1777 in-

101 1801 318 1853 tellexerat,
349 1797 516 1839 ‘servus'
543 1802 687 1852 posuit,
720 1799 786 1837 sed
815 1797 922 1839 ‘duo’
955 1804 1044 1850 post
1071 1796 1247 1838 tSannio'
1276 1800 1450 1837 retinuit.

190 1860 261 1899 His
300 1859 489 1910 exemplis
522 1860 615 1897 satis
648 1858 854 1909 probatum
887 1863 946 1897 est
977 1858 1128 1897 indices
1161 1857 1350 1896 librorum
1385 1857 1448 1895 PC

104 1932 193 1958 011111
232 1920 397 1970 picturis
429 1930 507 1957 non
539 1918 655 1956 modo
688 1930 766 1955 11011
799 1919 1041 1969 consentire,
1078 1917 1145 1955 sed
1179 1918 1294 1955 etiam
1328 1928 1449 1967 prope

104 1979 150 2017 ad
178 1977 340 2016 verbum
368 1977 564 2016 indicibus
590 1976 780 2015 librorum
807 1976 877 2015 DG
903 1976 1154 2027 respondere.
1212 1976 1343 2026 ltaque
1371 1987 1450 2012 11011

104 2050 150 2075 ex
185 2037 343 2087 antiqua
374 2035 439 2074 illa
471 2036 642 2075 editione
669 2037 834 2087 picturis
861 2040 995 2074 ornata
1025 2036 1170 2085 sumpti
1201 2040 1301 2072 sunt.
1347 2033 1449 2083 Ergo

105 2108 152 2134 ne
191 2100 341 2134 textum
379 2095 536 2146 quidem
573 2095 764 2133 librorum
796 2094 860 2133 PC
894 2107 940 2133 ex
980 2094 1043 2132 illa
1077 2094 1247 2131 editione
1284 2093 1449 2143 petitum

104 2166 191 2193 esse
225 2153 490 2205 opinahinun·,
527 2155 759 2204 praesertim
796 2165 885 2191 cnm
916 2153 1060 2191 multae
1094 2164 1228 2190 eorum
1262 2151 1450 2189 lectiones

103 2215 187 2251 viro
229 2213 342 2251 docto
381 2225 426 2250 ex
466 2212 626 2251 arbitrio
669 2214 835 2251 mutanti
875 2212 1010 2250 deberi
1050 2211 1265 2249 videantur.
1329 2210 1450 2248 Immo

104 2276 235 2311 textus
267 2273 449 2322 antiquae
482 2271 587 2309 illius
620 2271 803 2310 editionis
836 2272 964 2322 periit,
998 2284 1040 2308 ae
1072 2282 1120 2308 ne
1154 2269 1333 2308 Benihini
1365 2270 1450 2320 qui-

106 2330 195 2370 dem
232 2333 273 2369 in
309 2343 352 2369 ea
386 2331 556 2381 scriptus
589 2335 688 2383 erat,
727 2330 763 2369 id
799 2330 902 2381 quod
935 2329 1062 2368 elucet
1094 2342 1139 2367 ex
1174 2328 1370 2367 indit-ihus
1404 2327 1450 2366 ad
