1681 2576
507 101 526 140 §
547 100 579 132 3.
617 94 851 131 Monacensis
877 93 1066 130 lemmata.
1408 93 1463 135 29

211 207 432 259 Ρ11οΓω.Ν,
448 205 470 246 1
484 205 685 257 Demipho.
700 205 897 244 Chremes.
922 203 974 243 13
990 203 1116 243 tulero
1132 205 1313 242 extrario,
1332 200 1386 242 14
1401 209 1466 242 aut

119 267 223 306 unde
261 267 359 305 mihi
396 268 457 305 sit.
516 264 569 304 16
608 265 787 303 adfinem.
840 262 893 303 18
928 265 1120 314 spreverit
1157 274 1230 301 me.
1283 260 1337 301 23
1372 262 1465 300 defi-

122 328 247 364 ciscar
279 347 333 352 -
367 325 557 376 experier.

81 388 83 391 ⁴
210 406 265 411 -—
298 383 356 437 Ν,
376 383 401 422 2
429 384 517 422 Νοη
549 386 608 421 est
631 394 733 421 nova
766 393 917 420 scaena
949 383 990 419 in
1022 380 1070 432 M,
1103 383 1143 419 in
1175 382 1361 429 marqz‘ne
1393 382 1464 419 ad-

123 446 248 483 ditum
280 447 354 482 est:
388 441 484 480 Geta
516 453 663 479 servus.
707 438 731 479 3
765 445 925 490 argento
954 461 1007 465 ——
1036 452 1113 490 quo
1146 444 1270 490 paeto.
1316 437 1341 477 9
1376 451 1468 490 ope-

121 503 203 541 riri.
257 499 309 540 13
343 500 587 540 commodius
619 504 679 538 est
710 500 859 550 opinor.

212 583 267 587 —
300 559 365 612 IV,
392 558 416 599 3
455 559 635 610 Antipho.
681 557 787 597 Geta.
833 557 1030 595 Chremes,
1075 556 1276 607 Demipho.
1337 554 1391 595 10
1430 556 1468 594 id

124 619 282 670 quidem
320 620 480 669 agitans.
545 616 598 657 16
636 618 740 655 inter
776 628 855 655 vos.
922 613 974 654 19
1014 616 1130 654 amici
1168 627 1303 654 omnes
1340 615 1466 653 modo.

124 676 178 717 21
220 677 366 716 evadet.
429 674 484 716 25
522 689 623 728 pone
664 674 810 728 <esse>
854 676 1000 713 victum
1038 686 1179 712 meum.
1237 679 1273 712 at
1311 673 1469 713 tandem

123 743 265 776 tamen.
299 735 353 776 28
375 749 420 774 eo
442 736 503 774 die
526 735 618 786 quid
639 734 745 773 velis.
780 733 832 773 31
863 735 963 773 satin
985 755 1039 760 »-
1062 738 1119 772 sat
1147 734 1238 772 scio.
1273 731 1327 772 38
1350 745 1469 783 quan-

124 801 208 835 tum
234 795 358 834 libuit.
397 793 452 834 53
474 796 599 833 istane
624 806 789 833 uxorem
816 793 910 831 dari.
950 790 1006 832 64
1025 794 1231 843 inpuratus
1270 790 1325 832 69
1347 798 1470 843 potes.

127 853 182 894 70
214 856 399 893 amittam.

216 936 270 940 —
303 913 363 965 IV,
382 911 410 951 4
436 912 615 963 Antipho.
649 911 754 950 Geta.
794 909 820 949 5
849 911 894 949 ad
927 912 1074 949 restim.
1115 908 1140 949 9
1167 910 1305 949 utibile
1333 906 1472 963 (schol.

126 985 197 1024 pro
236 968 363 1025 utile).
422 970 477 1010 10
517 983 607 1022 spes
644 972 746 1022 patri
778 965 918 1023 (schol.
952 969 1033 1008 scil.
1066 965 1184 1022 meo).
1243 967 1298 1008 23
1337 968 1376 1007 id
1409 968 1472 1006 ille

128 1033 215 1070 istis
248 1027 388 1084 (schol.
420 1031 611 1069 chremeti
643 1034 678 1068 et
713 1024 919 1082 demisoni)
953 1028 1099 1067 reddet.
1151 1027 1206 1067 26
1244 1039 1315 1079 per
1346 1026 1473 1078 inplu-

126 1092 242 1128 vium.
288 1089 342 1129 27
376 1089 533 1128 ariolus.

216 1170 272 1175 —-
305 1148 364 1200 IV,
384 1146 411 1187 5
443 1148 605 1186 Demiso.
646 1147 844 1185 Chremes.
884 1146 990 1184 Geta.
1040 1143 1069 1184 4
1101 1147 1203 1184 factu
1236 1151 1295 1183 est
1327 1151 1364 1184 at
1396 1156 1476 1183 ma-

128 1213 227 1247 tura.
266 1205 293 1247 5
313 1207 389 1246 illa.
430 1206 453 1246 7
476 1207 566 1245 abit.
606 1205 631 1246 8
654 1210 891 1244 suscenseat.
932 1203 983 1243 11
1008 1205 1046 1243 id
1072 1205 1158 1243 fert.
1200 1203 1252 1243 12
1275 1199 1475 1255 adprobat.

218 1289 274 1294 —
300 1266 341 1318 V,
364 1264 385 1304 1
422 1265 636 1317 Sophrona.
676 1264 874 1303 Chremes.
916 1262 944 1302 4
964 1263 1265 1302 adhulescentis.
1308 1261 1333 1302 9
1355 1275 1475 1314 agam.

133 1324 184 1365 11
226 1338 269 1364 ea
308 1327 392 1376 ipsa
431 1329 501 1363 est.
563 1322 617 1364 15
653 1323 892 1375 appellassis.
952 1321 1004 1363 16
1038 1323 1236 1361 dictitasti.
1296 1320 1348 1361 19
1383 1322 1478 1360 elsu-

130 1386 270 1424 tiretis.
315 1382 371 1423 20
403 1384 494 1422 hem
525 1385 636 1422 istoc.
692 1380 747 1421 34
780 1382 872 1421 sola.
924 1380 980 1421 35
1013 1383 1061 1421 sit
1096 1378 1236 1435 (schol.
1269 1375 1359 1434 esf).

221 1465 277 1472 ·-
305 1443 346 1495 V,
368 1442 392 1481 2
425 1442 626 1494 Demipho.
669 1441 775 1480 Geta.
820 1440 847 1480 5
875 1442 1070 1492 confingat
1101 1436 1242 1494 (schol.
1269 1436 1480 1493 conficiat).

136 1502 159 1542 7
207 1503 447 1553 gesserimus
492 1497 633 1554 (schol.
676 1513 747 1551 pro
786 1495 1011 1553 gessimus).
1079 1497 1134 1538 14
1176 1501 1217 1538 in
1260 1500 1483 1550 praesentia

136 1557 279 1614 (schol.
311 1562 352 1599 in
384 1555 614 1613 praesenti).
668 1557 722 1598 15
754 1571 957 1597 vorsuram
990 1558 1127 1597 solves

224 1641 279 1646 -—
307 1619 348 1671 V,
370 1617 394 1658 3
421 1618 623 1669 Demipho.
656 1617 910 1657 Nausistrata.
957 1615 981 1656 3
1009 1618 1167 1657 adiuvas
1195 1630 1238 1655 ac
1264 1629 1307 1655 re
1334 1616 1482 1655 dudum

135 1678 324 1730 opitulata
357 1689 409 1716 es.
460 1675 487 1716 5
519 1682 628 1728 parta
663 1673 802 1730 (schol.
822 1672 986 1730 parata).
1039 1676 1063 1717 8
1091 1689 1135 1715 ao
1163 1672 1304 1729 (schol.
1330 1672 1398 1729 de)
1427 1699 1481 1702 -—

138 1737 214 1777 duo
252 1736 408 1776 talenta.
467 1734 520 1774 12
559 1735 813 1775 Nausistrata.
859 1735 1057 1774 Chremes.
1102 1734 1302 1786 Demipho.
1361 1733 1416 1773 14
1448 1736 1485 1772 ei

139 1798 250 1844 (item
283 1798 323 1835 in
349 1795 393 1847 D,
423 1807 550 1845 supra
581 1807 739 1835 versum
771 1796 984 1842 additum).
1031 1792 1086 1834 15
1112 1794 1266 1833 locutus
1294 1805 1383 1832 cum
1409 1795 1484 1832 ista

137 1867 189 1894 es.
237 1853 288 1895 17
319 1856 409 1906 quia
435 1854 549 1893 aliter
573 1855 732 1905 utrique
764 1858 929 1904 uterque
963 1849 1035 1906 (cf.
1056 1850 1118 1907 D).
1165 1851 1221 1892 20
1247 1865 1338 1891 cave
1366 1848 1425 1906 (in
1454 1852 1483 1890 D

139 1926 266 1964 supra
305 1926 395 1952 rave
431 1915 615 1952 additum
647 1918 706 1952 est
741 1909 860 1966 vide).
918 1911 972 1952 22
1007 1912 1210 1951 concedes.
1268 1910 1323 1952 23
1355 1924 1483 1962 neque

137 1972 334 2024 intellegis
367 1994 422 1999 —
454 1984 603 2011 narres.
655 1969 711 2011 35
742 1972 781 2010 id
814 1972 950 2023 potuit.

228 2053 282 2058 -—
312 2031 354 2082 V,
385 2029 414 2069 4
453 2031 633 2082 Antipho.
699 2028 721 2068 1
766 2036 809 2069 ut
849 2035 902 2069 ut.
966 2029 991 2069 2
1028 2030 1222 2070 eiusmodi
1262 2041 1399 2081 parere
1445 2030 1486 2067 in

141 2091 281 2128 animo.
330 2087 355 2128 3
389 2089 531 2140 quibus
563 2085 704 2144 (schol.
735 2094 897 2141 propter
929 2085 1045 2143 quas)
1073 2112 1126 2116 ——
1155 2089 1317 2127 adverse
1351 2089 1486 2127 scient.

142 2148 164 2188 7
200 2152 361 2187 ostenta.

231 2230 286 2235 —
318 2206 360 2259 V,
385 2203 412 2246 5
444 2206 637 2245 Phormio.
682 2206 861 2259 Antipho.
920 2206 944 2245 2
984 2208 1143 2258 propria
1176 2219 1219 2244 ea
1251 2205 1418 2245 Phedria
1445 2210 1488 2245 ut

141 2267 345 2318 potiretur.

232 2347 287 2353 —
313 2325 355 2378 V,
375 2324 400 2365 6
428 2324 534 2364 Geta.
567 2324 746 2377 Antipho.
786 2325 979 2364 Phormio.
1021 2322 1049 2363 4
1081 2324 1178 2364 mihi
1210 2336 1332 2363 cesso.
1375 2323 1400 2364 8
1428 2335 1487 2362 re-
