1681 2576
454 128 473 166 g
494 128 524 160 6.
565 124 618 159 De
643 123 762 169 primo
789 122 1014 159 scholorium
1038 133 1182 168 genere.
1436 123 1492 165 39

145 236 302 286 generis
334 236 433 273 ratio
466 234 602 274 eadem
633 234 755 272 ferme
781 233 936 272 videtur
962 246 1047 272 6556
1075 239 1190 285 atque
1217 235 1390 287 alterius,
1423 236 1492 275 sed

144 293 418 346 praeambulae
451 293 743 344 explanationes
780 292 978 344 pleniores
1011 293 1264 346 exhibentur,
1303 300 1417 345 atque
1451 297 1492 334 in

95 370 98 372 ·
147 354 353 392 sententiis
385 354 515 403 potius
549 364 664 403 quam
696 353 737 390 in
768 351 898 390 verbis
931 357 1068 403 poetae
1101 352 1342 403 explicandis
1373 367 1491 405 opera

145 412 366 450 collocatur.
428 410 666 462 Deprompta
704 416 833 449 autem
870 411 963 449 haec
999 411 1144 450 scholia
1177 417 1268 450 sunt
1305 424 1352 451 ex
1386 426 1490 452 com-

143 471 335 509 mentario
368 470 533 520 quodam
566 475 774 521 perpetuo,
806 471 918 508 cuius
950 470 1149 521 exemplar
1180 471 1399 522 perbontun
1431 474 1490 511 in-

143 531 232 568 veni
264 530 304 567 in
335 528 572 567 bibliotheca
598 528 823 580 Bal-herilia,
855 528 1011 581 T.v111‚
1037 527 1105 581 473
1139 532 1390 569 continentur
1416 532 1489 571 1106

142 587 260 626 11111οε
293 583 328 641 Ι)
355 587 552 638 Fulgentii
577 587 796 626 Planciadis
822 587 1148 639 Mythologiarum
1174 601 1243 627 seu
1271 589 1489 629 fabularum

141 646 234 685 libri
259 652 350 685 tres.
383 642 435 700 Π)
458 646 595 685 Glosae
624 647 813 697 quaedam
833 647 1143 697 grammaticales
1171 649 1255 685 sine
1283 650 1487 700 principio.

139 702 210 760 ΠΙ)
245 705 382 744 Glosae
415 707 455 743 in
488 705 716 744 Terentimn
750 707 892 744 incerti
923 701 1002 759 (pg.
1031 702 1243 760 27—41),
1288 703 1353 760 lv)
1387 708 1487 759 trag-

139 770 271 803 menta
304 764 492 816 quaedam
524 766 774 815 grammatica
807 765 853 803 de
887 766 1178 804 constructione
1206 767 1376 816 partium
1404 780 1487 805 ora-

140 824 270 862 tionis.
332 823 510 862 Eundem
548 825 872 862 commentarium
904 824 1146 875 deprehendi
1177 826 1217 863 in
1249 824 1485 864 bibliotheca

137 882 320 922 Vaticana
334 888 372 921 et
385 882 610 921 Monacensi
625 879 701 936 (14
715 881 796 922 763
812 882 894 921 Em.
910 896 940 921 c.
954 882 990 923 6.
1006 883 1220 922 membran.
1236 884 1398 923 miscell.
1409 880 1484 938 8⁰).

136 941 182 980 In
195 942 443 981 Terentianis
462 941 574 980 libris
595 943 689 980 haec
711 942 857 981 scholia
877 948 1089 981 occurrunt
1107 948 1195 994 post
1211 943 1410 982 saeculum
1423 943 1486 995 XI,

137 1001 241 1040 velut
263 1002 303 1039 in
322 1000 433 1039 libris
453 1000 642 1040 Parisinis
666 999 790 1053 7907,
813 999 923 1041 7907
934 1014 966 1052 a,
990 999 1114 1054 7917,
1138 999 1262 1053 7922,
1290 1003 1324 1040 51
1349 1004 1484 1053 paucis

136 1059 232 1098 locis
259 1072 279 1098 a
306 1060 510 1111 Schopeno
531 1062 727 1111 excerptis
748 1060 845 1098 fides
866 1060 1002 1099 haberi
1021 1066 1162 1113 potest,
1183 1062 1294 1099 cuius
1317 1061 1483 1108 schedae

136 1118 325 1169 singulari
346 1118 578 1158 liberalitate
594 1121 667 1157 viri
687 1119 907 1158 doctissimi
920 1119 1133 1158 Wissowae
1154 1120 1251 1158 mihi
1272 1132 1482 1159 concessae

136 1182 257 1216 erant.
307 1178 351 1216 In
383 1179 668 1229 antiquissimis
702 1177 940 1217 editionibus
973 1180 1177 1229 impressis
1205 1179 1369 1218 frustula
1397 1181 1482 1218 eius

135 1238 406 1275 commentarii
439 1237 573 1275 Servio
606 1237 791 1276 attributa
824 1242 925 1275 sunt.

358 1495 383 1545 ἓ
411 1495 448 1535 6.
492 1500 555 1534 De
586 1499 732 1544 primo
765 1499 1042 1534 scholiorum
1073 1509 1249 1544 genere.

222 1590 265 1628 In
296 1589 368 1628 hoc
403 1601 545 1639 genere
579 1591 707 1627 inesse
741 1589 846 1627 volui
878 1589 1024 1627 scholia
1058 1589 1184 1628 Servii
1215 1595 1253 1628 61
1279 1590 1483 1642 Prisciani,

134 1648 275 1687 deinde
309 1648 448 1686 Donati
479 1654 517 1686 et
549 1648 780 1699 Eugraphii,
822 1660 919 1698 quae
959 1647 1118 1699 quidem
1150 1649 1190 1686 in
1223 1648 1333 1687 libris
1367 1662 1387 1688 a
1418 1662 1480 1689 1116

133 1707 282 1746 collatis
304 1712 523 1758 occurrant,
547 1707 716 1757 denique
737 1719 858 1758 pauca
878 1706 996 1759 Festi,
1016 1706 1308 1759 Porphyrionis,
1328 1708 1480 1748 Isidori.

132 1766 235 1805 Haec
268 1779 288 1805 a
320 1766 470 1817 reliqua
501 1765 751 1804 multitudine
786 1766 1026 1804 secernenda
1064 1771 1103 1804 61
1133 1768 1261 1818 primo
1296 1767 1379 1806 loco
1413 1781 1478 1818 po-

132 1825 258 1864 nenda
291 1837 377 1864 esse
409 1826 558 1878 putavi,
599 1837 678 1863 non
716 1824 819 1876 quod
852 1838 896 1863 ea
928 1830 1104 1876 tempore
1135 1827 1263 1876 prima
1295 1826 1479 1865 Terentio

131 1884 261 1923 addita
294 1896 380 1923 esse
414 1886 596 1935 opinarer
623 1907 677 1911 —
705 1889 810 1922 certe
843 1896 983 1936 pauca,
1022 1896 1119 1935 quae
1152 1884 1198 1923 ab
1231 1882 1387 1924 ‘aliter'
1421 1888 1479 1924 in-

132 1944 300 1995 cipiunt,
333 1942 446 1982 aliam
478 1944 845 1995 interpretationem
877 1955 1148 1994 praegressam
1182 1956 1267 1982 csse
1301 1944 1480 1996 clamant,

133 2002 179 2039 cf.
206 2001 360 2040 Phorm.
387 2002 432 2054 II,
459 2001 496 2054 2,
520 2001 570 2041 11
600 2025 655 2029 -
683 2002 751 2041 sed
785 2003 875 2053 quia
907 2015 948 2041 re
981 2003 1108 2053 prima
1140 2008 1174 2041 61
1205 2004 1478 2054 antiquissima

131 2072 218 2099 esse
262 2062 406 2111 putavi.
461 2061 586 2112 Atque
626 2063 742 2100 etiam
781 2062 912 2113 specie
951 2067 989 2100 61
1030 2062 1153 2100 forma
1198 2062 1290 2100 haec
1331 2062 1477 2101 scholia

131 2132 153 2157 a
198 2121 340 2158 ceteris
378 2119 491 2170 longe
531 2120 691 2159 distant:
737 2120 923 2171 ampliora
963 2121 1068 2158 enim
1107 2126 1195 2158 sunt
1237 2120 1399 2172 reliquis
1440 2129 1476 2161 et

131 2190 289 2229 semper
320 2179 400 2217 fere
440 2180 536 2229 ipsis
575 2185 778 2218 auctorum
809 2179 939 2218 verbis
971 2184 1135 2217 utuntur
1167 2184 1281 2230 atque
1320 2182 1477 2219 nomina

130 2249 267 2276 eorum
308 2243 529 2289 aitctorum,
571 2251 668 2289 quos
711 2244 946 2290 sequuntur,
988 2240 1166 2276 atterunt.
1239 2240 1475 2290 Saepissime

131 2300 261 2334 autem
293 2296 452 2335 Servius
491 2301 529 2335 et
560 2297 782 2336 Priscianus
815 2297 1039 2348 laudantur,
1077 2310 1123 2335 ex
1161 2310 1236 2349 qua
1267 2310 1308 2336 16
1343 2300 1476 2338 nescio

130 2366 179 2393 an
211 2356 299 2406 quis
332 2360 437 2394 16616
471 2355 564 2394 haec
598 2355 745 2394 scholia
778 2358 817 2395 111
849 2368 964 2395 usum
996 2356 1279 2408 discipulorum
1306 2357 1476 2408 linguam
