1681 2576
217 80 302 122 136
630 80 922 117 Commentarius
949 81 1145 127 antiquior.

216 192 323 230 illam
349 192 494 244 ditiori,
520 191 701 230 videlicet
726 204 774 231 ne
800 205 1013 244 pauperem
1039 192 1247 232 mulierem
1270 195 1311 232 in
1331 195 1559 232 servitutem.

217 251 424 301 redigeret.
479 248 535 289 49
563 253 636 289 sed
659 253 758 290 mihi
781 251 872 302 etc]
908 253 975 290 sed
1008 253 1104 290 mihi
1136 265 1297 292 necesse
1331 257 1413 291 erat
1444 252 1560 291 talem

218 310 361 349 ducere
388 321 564 361 uxorem,
590 321 688 360 quae
715 311 811 348 mihi
837 323 953 349 causa
980 312 1081 349 dotis
1108 312 1276 364 afferret,
1301 311 1405 350 unde
1432 311 1561 350 debita

218 381 304 407 mea
324 368 599 419 persolverem.
642 366 699 408 50
719 369 809 419 qui]
833 370 1036 420 quomodo.
1079 368 1134 410 56
1155 373 1356 421 oppositus
1371 370 1559 420 pifflwrz']

171 430 258 466 5i11
296 428 516 465 vadimonio
557 429 709 478 positus
745 430 836 480 GE,
880 429 1100 467 vadimonio
1142 430 1254 468 datus
1292 430 1339 468 D.
1408 427 1464 468 64
1502 432 1559 468 in-

213 486 405 536 puratus]
428 486 603 525 mendax.
651 485 703 526 72
725 488 954 538 repudium]
977 490 1242 528 reiectionem.
1289 486 1344 527 75
1360 487 1560 538 fructum]

218 545 257 584 id
287 551 344 584 est
379 547 606 597 epexegesis
633 547 694 607 C.-

831 629 890 681 IV,
915 627 953 667 4.

309 699 403 738 Geta
434 704 655 738 revertente
689 698 735 737 de
767 699 1009 750 Demiphone
1042 705 1080 738 et
1112 699 1330 752 Chremem,
1364 713 1462 751 quos
1495 700 1575 742 der

150 764 193 795 10
219 759 365 797 luserat
392 757 635 797 detrudendo
663 757 708 796 ab
736 759 793 796 eis
825 764 1041 810 argentum,
1073 759 1338 809 interrogabat
1369 771 1460 798 eum
1486 760 1561 797 An-

219 818 327 869 tipho
350 830 396 856 ex
416 818 501 869 hoc,
523 817 625 868 quod
647 829 736 855 eum
757 829 845 855 cum
864 823 973 868 patre
995 818 1172 856 audierat
1191 817 1309 868 loqui.
1354 816 1376 856 1
1399 821 1565 857 emumcc'

221 882 389 926 arqento
420 875 550 926 senes]
586 871 780 927 expressi,
818 876 1086 915 fraudulenter
1118 878 1269 928 aecepi3
1310 877 1562 928 proverbium
1599 913 1604 919 ,

221 941 280 974 est
319 941 357 974 et
394 940 454 974 est
490 935 708 987 hypallage7
748 935 786 973 id
820 941 879 973 est
911 937 1069 974 emunxi
1101 940 1305 986 argentum
1339 948 1359 973 a
1391 935 1563 974 senibus.

220 994 246 1033 ἕ)
262 997 318 1034 ad
336 994 488 1044 restim]
511 994 557 1032 ad
577 994 773 1045 laqueum,
793 994 839 1032 ad
860 995 1186 1046 impedimentum
1207 1007 1349 1033 meum.
1393 994 1415 1034 7
1433 1007 1564 1034 exem-

150 1059 192 1089 15
214 1053 311 1103 plis]
333 1055 551 1092 tormentis.
603 1053 678 1103 em]
707 1055 913 1092 irascentis
929 1055 973 1092 E.
1026 1052 1051 1092 9
1072 1056 1147 1092 hoc
1167 1053 1298 1103 ulcus]
1325 1053 1425 1092 hane
1445 1055 1564 1092 ratio—

220 1125 322 1164 nem,
342 1114 489 1151 ironice
511 1114 601 1151 DE.
653 1110 708 1151 15
730 1115 769 1151 in
789 1112 969 1162 nervom]
991 1114 1032 1151 in
1053 1118 1265 1164 stuporem,
1286 1114 1327 1151 in
1346 1112 1563 1167 mollitiem.

222 1172 273 1211 17
303 1171 508 1221 excerpis]
538 1171 746 1210 subtrahis.
795 1170 847 1210 21
877 1171 1070 1221 vocandi]
1100 1173 1256 1210 amieos.
1307 1170 1360 1210 22
1389 1171 1563 1221 interea]

221 1232 314 1270 dum
351 1232 510 1282 nuptiae
548 1230 801 1282 protelantur.
866 1228 922 1269 24
957 1230 1136 1280 postilla]
1174 1236 1429 1281 posteaquam
1468 1243 1488 1269 a
1525 1236 1564 1269 te

221 1291 403 1341 discessi3
436 1289 564 1328 aliter:
599 1295 805 1340 postquam
837 1295 1041 1340 argentum
1073 1291 1216 1340 accepi.
1274 1288 1328 1329 26
1362 1292 1402 1328 ἱη
1436 1292 1562 1339 inplu-

149 1353 193 1385 20
222 1349 343 1399 rium]
377 1361 448 1400 per
474 1361 658 1387 serenum
685 1349 745 1387 vel
771 1351 990 1400 etiamrper
1016 1350 1134 1387 rimas
1166 1350 1271 1387 tecti.
1330 1347 1382 1387 27
1408 1351 1567 1396 mellina

222 1408 385 1458 cecinit]
419 1409 460 1446 in
491 1408 651 1446 modum
684 1407 783 1458 galli.
847 1407 1075 1457 interdixit]
1108 1407 1320 1458 prohibuit.

833 1537 892 1590 IV,
918 1535 956 1577 Ξ).

311 1608 558 1647 Chremetem
584 1608 794 1659 alloquitur
820 1607 1009 1659 Demipho
1037 1608 1170 1646 dicens
1204 1620 1243 1646 se
1276 1620 1355 1646 non
1382 1608 1566 1647 daturum

223 1673 427 1719 argentum
466 1669 549 1706 sine
588 1668 765 1706 testibus
830 1666 852 1706 1
887 1680 937 1706 ne
974 1669 1074 1715 quid
1108 1669 1320 1706 verborum
1359 1666 1462 1716 duit]
1502 1667 1563 1705 vel

152 1734 195 1764 25
223 1728 307 1765 duit
344 1726 402 1765 vel
440 1727 503 1765 det
537 1728 582 1765 D.
644 1739 692 1765 ne
732 1726 824 1777 quid
863 1728 1092 1779 mentiatur,
1133 1738 1181 1764 ne
1216 1726 1346 1764 verbis
1384 1727 1466 1764 suis
1500 1738 1563 1764 me

224 1786 402 1836 decipiat.
466 1784 489 1823 2
525 1785 688 1835 temere]
727 1785 1027 1823 inconsiderate.
1091 1783 1116 1823 3
1149 1790 1193 1823 ut
1230 1784 1390 1833 cautus]
1432 1797 1565 1823 secum

222 1847 287 1897 ita7
313 1850 356 1883 ut
383 1844 564 1882 dominus
590 1857 668 1882 non
695 1845 857 1882 audiret.
911 1843 932 1882 7
962 1846 1175 1882 conveniat
1197 1844 1320 1893 hanc]
1348 1843 1569 1894 alloquatur

222 1903 391 1956 puellam
416 1904 650 1954 Antiphonis
677 1909 790 1954 atque
823 1902 1067 1954 persuadeat7
1098 1907 1141 1941 ut
1172 1902 1315 1941 mulier
1346 1915 1393 1941 ne
1427 1903 1567 1940 exhor-

224 1968 351 2002 rescat
376 1962 653 2001 Phormionem
678 1963 716 2001 C.
774 1961 798 2002 8
831 1960 1078 2011 suscenseat]
1112 1962 1367 2014 praeiudicet,
1398 1961 1458 2000 vel
1490 1963 1567 2000 ira-

152 2029 197 2060 30
226 2028 366 2060 scatur.
409 2020 434 2061 9
451 2020 719 2071 familiarior]
747 2022 1014 2072 propinquior.
1059 2018 1110 2059 11
1133 2020 1296 2070 malum]
1326 2020 1567 2059 exclamatio

227 2080 280 2120 12
313 2093 391 2120 non
429 2083 526 2119 satis
565 2086 622 2120 est
654 2080 744 2130 etc]
784 2082 911 2118 animo
951 2081 1057 2129 gravi
1094 2079 1168 2118 hoc
1201 2080 1307 2118 dixit.
1372 2077 1426 2118 15
1459 2079 1564 2129 illas]

223 2152 388 2179 uxorem
419 2152 545 2178 meam
579 2146 615 2178 et
648 2139 778 2191 filiam7
815 2152 911 2190 quae
944 2138 1018 2176 hue
1051 2151 1112 2176 me
1146 2151 1165 2177 a
1197 2138 1343 2177 Lemno
1377 2150 1568 2189 quaerere

223 2204 413 2237 venerunt
447 2200 483 2237 C.

321 2328 340 2357 9
367 2323 501 2359 Getam
526 2324 579 2358 M.
607 2344 649 2348 —
675 2324 921 2357 revertentem
946 2323 994 2358 D.
1021 2343 1064 2348 —
1093 2323 1137 2357 de
1163 2333 1228 2357 om.
1254 2323 1303 2357 D.
