1681 2576
0 538 132 625 ‘'Aldrtvsb

92 991 134 1022 10

93 1435 135 1467 15

93 1727 136 1759 20

92 2020 136 2052 25

162 112 214 153 76
394 111 454 147 IV.
481 111 593 146 Festi.
637 110 679 145 V.
708 110 982 156 Porphyrionis.
1027 109 1088 146 VI.
1115 109 1257 145 Isidori.

158 221 247 260 nolo
286 222 381 260 mihi
420 221 562 260 debeas
600 222 780 273 gratiam,
821 222 964 271 quippe
1005 233 1092 258 eum
1131 232 1200 270 ego
1238 219 1307 258 has
1343 222 1499 272 nuptias

158 280 273 318 velim
307 282 440 331 fugere
473 281 596 329 magis
629 291 744 330 quam
778 286 817 318 111
850 279 1025 330 adipisci.
1075 280 1114 317 C.

248 339 359 378 Haut.
386 339 427 391 V,
452 336 491 390 4,
520 336 574 376 10
607 340 695 378 vide
727 341 897 377 alterum
928 339 1048 377 schol.
1078 350 1215 386 glenus.

712 480 778 525 lv.
817 467 1220 549 Festismfflaa
1235 467 1358 526 ἔω]

248 584 345 623 Ε1111.
372 584 418 637 ΙΙ,
445 583 483 636 3,
509 582 565 623 90
592 584 713 634 faba]
752 583 838 622 faba
868 595 939 634 pro
971 584 1130 621 tristitia
1161 584 1330 633 ponitur.
1376 582 1502 620 fabam

160 656 231 682 1166
266 649 424 694 tangere
456 656 529 682 1166
560 645 762 681 nominare
796 641 887 680 diali
920 641 1067 680 flamini
1098 642 1200 693 lieet,
1233 641 1335 692 quod
1363 653 1406 679 ea
1433 653 1502 691 pu-

159 707 264 741 tatur
303 702 349 740 ad
386 707 563 740 mortuos
601 702 810 752 pertinere.
860 712 950 738 nam
991 706 1029 738 et
1069 699 1321 738 lemuralibus
1362 701 1504 737 iacitur

160 760 277 799 larvis
310 766 348 799 61
378 760 645 811 parentalibus
679 759 886 797 adhibetur
913 758 1127 810 sacrificiis,
1159 765 1197 797 et
1228 760 1268 796 in
1294 758 1390 796 flore
1417 759 1502 795 eius

160 819 288 858 luctus
322 819 473 857 litterae
507 830 694 870 apparere
721 818 912 856 videntur.
957 818 1002 855 E.
1023 816 1072 865 cf.
1095 819 1197 856 Fest.
1218 830 1274 866 el).
1298 818 1410 856 Paul.
1432 817 1501 854 87.

622 959 666 1004 V.
706 958 1042 1017 Porphyrionis,

252 1063 364 1102 Haut.
386 1063 481 1114 prol.
505 1061 559 1102 36
579 1062 811 1112 Statariam]
834 1062 1125 1101 comoediarum
1146 1068 1234 1100 sunt
1257 1073 1398 1112 genera
1420 1073 1506 1099 sex:

162 1124 338 1174 stataria,
374 1123 557 1173 motoria,
594 1126 853 1173 praetextata,
889 1121 1128 1172 tabernaria,
1161 1126 1306 1172 togata,
1338 1119 1505 1171 palliata,

162 1181 377 1220 seeundum
408 1180 727 1231 Porphyrionem.
773 1181 819 1218 D.

692 1322 758 1367 VI.
796 1321 972 1367 Isidori.

279 1426 376 1465 Eun.
403 1426 466 1477 III,
489 1425 525 1477 1,
547 1424 601 1465 36
624 1425 940 1476 pulpamentum]
967 1425 1084 1476 pulpa
1111 1425 1150 1462 id
1177 1430 1235 1462 est
1257 1436 1357 1462 earo.
1403 1424 1505 1462 dieta

163 1492 240 1537 est,
280 1485 381 1536 quod
415 1497 505 1523 611111
535 1484 643 1535 pulte
676 1484 768 1522 olim
800 1485 919 1522 mixta
952 1485 1102 1534 antiqui
1132 1483 1203 1521 hac
1236 1482 1506 1534 vescebantur,

161 1544 265 1583 unde
297 1544 601 1594 pulmentarium
633 1548 672 1581 et
701 1542 946 1593 pulmentum
978 1547 1017 1580 et
1046 1541 1341 1593 pulpamentum
1367 1553 1506 1580 secun-

163 1604 255 1641 dum
286 1602 479 1640 Isidorum
513 1601 584 1651 [or.
611 1601 692 1652 XX,
719 1600 756 1653 2,
784 1599 869 1650 27]
915 1602 961 1639 D.

251 1684 305 1687 —
332 1661 391 1712 IV,
419 1660 455 1712 7,
483 1659 508 1699 6
541 1663 769 1709 manipulus
801 1659 960 1709 farum]
992 1658 1215 1709 manipulus
1248 1658 1507 1697 ducentorum

163 1726 222 1758 est
253 1719 432 1758 militum.
482 1718 672 1769 manipuli
710 1724 839 1756 autem
878 1718 972 1756 (11611
1004 1723 1095 1756 511111
1125 1717 1287 1768 milites,
1326 1718 1405 1754 sive
1439 1718 1507 1767 qui

163 1778 308 1816 bellum
340 1779 467 1828 primo
499 1789 612 1815 mane
644 1775 895 1828 incipiebant,
933 1777 1012 1814 sive
1046 1777 1124 1827 qui,
1156 1780 1364 1826 antequam
1396 1776 1506 1825 signa

163 1842 296 1875 6556111
327 1836 426 1887 data,
457 1835 675 1886 manipulos
702 1835 741 1872 id
769 1840 828 1872 est
853 1834 1059 1872 fasciculos
1087 1834 1250 1884 stipulae
1276 1833 1335 1872 vel
1360 1833 1504 1871 herbae

163 1895 328 1933 alicuius
360 1906 430 1945 pro
465 1895 587 1944 signis
620 1892 809 1944 ferebant,
841 1906 860 1930 a
894 1905 969 1943 (suo
1003 1894 1113 1943 signo
1145 1891 1408 1942 manipulares
1434 1893 1507 1929 mi-

162 1953 251 1992 lites
279 1953 372 1991 dicti
399 1958 501 2004 sunt,
533 1952 579 1990 (16
613 1951 755 2002 quihus
782 1951 979 1990 Lucanus:
1013 1949 1220 1989 ‘convocat
1245 1956 1413 1989 armatos
1441 1962 1507 1988 ex-

162 2011 307 2063 templo
340 2011 386 2049 ad
420 2012 529 2061 signa
560 2010 751 2061 maniplos
785 2009 890 2059 [lsid.
917 2009 979 2061 IX,
1007 2008 1044 2061 3,
1070 2008 1156 2059 50].
1201 2011 1245 2047 E.

251 2092 306 2098 ——
328 2070 369 2121 V,
390 2068 427 2121 8,
449 2067 503 2109 36
530 2068 762 2119 superbum]
790 2067 982 2119 superbus
1003 2068 1158 2120 dicitur,
1184 2069 1251 2118 qui
1270 2067 1370 2119 plus,
1391 2079 1506 2117 quam

164 2131 231 2180 sit,
264 2141 304 2167 se
338 2128 525 2180 ostendit,
563 2127 665 2178 quod
704 2139 840 2178 graeca
879 2126 1108 2178 etymologia
1140 2128 1312 2177 apertius
1345 2125 1506 2164 dicitur:

164 2199 301 2237 graece
335 2188 440 2225 enim
471 2183 756 2239 ὑπερηφανής
786 2190 964 2238 vocatur,
1001 2185 1041 2223 id
1074 2191 1132 2224 est
1165 2197 1283 2236 super
1314 2196 1505 2235 apparens

188 2334 212 2368 h
259 2291 301 2321 22
328 2287 389 2321 vel
414 2298 480 2323 om.
579 2290 624 2321 24
650 2286 828 2331 exemplo.
929 2290 972 2320 25
991 2285 1212 2331 manipulos.
1317 2287 1360 2318 28
1385 2283 1507 2329 yperi-

160 2346 186 2378 p
216 2344 316 2369 anos
