1681 2576
540 81 701 126 Adelphi
725 81 787 125 iv,
808 80 926 124 4-v,
949 83 979 115 2.
1349 79 1433 119 159

701 190 759 242 lv,
787 189 824 230 6.

178 269 321 308 Demea
348 274 550 307 revertens
583 267 629 306 ab
658 268 913 318 inquisitione
947 266 1079 304 fratris
1113 267 1174 304 sui
1200 265 1360 304 delusus
1387 264 1433 302 ab

91 328 187 379 Syro
210 340 343 367 secum
367 327 610 378 loquebatur.
663 324 684 364 1
709 324 968 374 ambulando]
994 325 1086 363 dum
1107 336 1252 375 quaero
1273 323 1435 362 fratrem

90 399 232 426 meum.
294 386 354 436 ut]
393 388 552 424 utinam.
616 383 640 423 3
678 384 936 434 perreptavi]
977 385 1140 422 circuivi
1171 383 1231 421 vel
1264 382 1433 421 ascendi.

91 444 116 485 6
150 445 349 495 obsidere]
382 457 444 483 me
477 448 695 495 expectare.
758 442 899 492 usque]
931 447 1011 481 tam
1043 442 1121 480 diu.
1487 447 1506 478 5

701 577 760 629 IV,
789 577 824 616 7.

180 654 204 694 2
227 656 278 696 Te
299 659 378 695 iam
399 657 548 695 dudum
570 653 738 702 quaero]
762 653 807 691 ad
829 654 1033 703 superiora
1054 654 1235 703 pertinet.
1280 651 1304 691 3
1322 652 1432 702 fero]

90 717 228 755 nuntio
260 715 342 754 tihi.
404 712 433 753 4
465 712 579 762 bom']
613 714 794 750 ironicos,
855 724 950 751 eece
981 711 1130 761 autem]
1165 711 1312 762 aliquid
1344 713 1434 749 novi

91 775 254 814 audiam.
299 771 326 812 5
347 771 560 823 capitalia]
587 771 800 810 mortifera.
849 769 874 810 6
895 770 1087 820 somnias]
1115 782 1211 808 vane
1238 771 1433 821 aestimas,

90 833 187 873 nihil
225 834 330 872 enim
366 833 504 870 vanius
543 832 704 869 somnio.
769 828 794 868 9
827 831 961 868 malim
996 828 1173 878 quidem]
1214 829 1323 867 illiun
1360 829 1435 867 hoc
1463 838 1505 867 10

90 905 204 944 agere
232 904 348 943 quam
374 892 547 930 insanire
574 891 673 928 ΒΜ.
733 886 787 927 10
813 890 915 928 m‘lzil
937 887 1073 937 habet]
1105 900 1183 926 non
1209 893 1269 926 est
1295 888 1435 926 dotata.

93 950 145 990 12
177 950 416 1001 futurumst]
457 948 678 988 faciendum
714 952 782 986 est.
849 945 902 987 16
935 946 1048 996 quin]
1088 949 1268 998 insuper,
1306 948 1434 985 etiam.

92 1009 144 1049 21
175 1013 231 1049 z'tct
257 1009 392 1059 vitast]
427 1008 555 1061 dubia,
580 1007 812 1058 periculosa.
867 1006 1045 1056 tesseris]
1079 1005 1187 1044 locus
1213 1005 1435 1044 tabularum

91 1069 196 1108 aleae
229 1071 260 1108 C
269 1070 360 1120 GE,
401 1067 544 1107 tabulis
577 1068 675 1105 ΒΜ.
734 1064 787 1104 22
821 1068 857 1104 sl
881 1067 982 1104 illud
1006 1064 1097 1115 eta]
1131 1070 1197 1103 aut
1228 1077 1349 1103 unum
1375 1064 1436 1103 vel

91 1128 167 1167 (luo
208 1132 352 1179 puncta
392 1133 632 1166 tesserarum
674 1126 773 1164 DM.
844 1121 900 1163 24
937 1124 1164 1174 corrector]
1208 1124 1435 1162 emendator
1465 1131 1506 1163 15

90 1187 205 1239 hone,
237 1188 418 1225 ironicos.
477 1182 533 1224 34
560 1188 665 1224 inter
696 1184 781 1234 eas]
816 1183 977 1235 puellas,
1009 1182 1049 1220 id
1081 1187 1141 1221 est
1172 1182 1314 1234 puellis
1347 1195 1436 1221 can-

90 1246 273 1285 tantibus.
302 1244 447 1295 probe]
466 1246 648 1283 ironicos,
681 1241 737 1282 42
753 1241 1001 1292 sumptuosa]
1020 1242 1193 1293 prodiga.
1225 1239 1281 1280 43
1298 1241 1434 1291 Salus]

94 1305 164 1344 (lea
198 1304 344 1343 salutis.

708 1383 750 1436 V,
778 1382 814 1422 1.

183 1463 302 1514 Syrus
341 1468 449 1501 satur
486 1463 648 1500 effectus
687 1460 887 1511 egreditur
922 1460 1025 1498 foras
1062 1459 1188 1498 laetus
1220 1459 1357 1498 (licens
1390 1460 1436 1497 ad
1463 1469 1507 1499 20

94 1527 218 1561 semet
242 1524 382 1573 ipsum.
442 1519 463 1560 1
487 1519 668 1570 Syrisce]
696 1531 805 1557 more
833 1519 919 1570 Syri
945 1531 987 1557 ac
1014 1530 1085 1569 per
1110 1519 1183 1556 hoc
1208 1530 1309 1570 meo,
1337 1520 1438 1557 sicut

93 1581 230 1620 solitus
248 1592 345 1619 sum.
380 1579 404 1618 2
420 1579 545 1629 laute]
568 1578 741 1630 pulchre.
773 1576 802 1616 4
817 1577 911 1627 pro]
934 1577 1196 1616 exclamative.
1231 1579 1331 1616 illud
1343 1577 1435 1627 etex]

92 1640 254 1679 audiens
274 1639 428 1691 Demea,
449 1639 551 1689 quod
572 1636 816 1689 loquebatur,
836 1637 934 1675 dixit
953 1637 1134 1674 ironicos.
1169 1635 1194 1675 8
1216 1635 1294 1686 dis]
1317 1636 1436 1674 dives.

96 1697 147 1737 12
182 1698 354 1749 potasti]
394 1698 560 1736 inultum
596 1696 741 1734 bibisti.
804 1693 856 1734 13
890 1694 1036 1746 Syrus]
1078 1707 1210 1733 secum
1252 1695 1435 1746 loquitur.

91 1760 171 1797 huc
203 1757 370 1807 exitum]
411 1762 454 1795 ut
485 1758 558 1795 iste
592 1768 653 1794 mo
687 1755 847 1793 videret.
1463 1763 1507 1794 25

710 1891 751 1944 v,
778 1889 814 1929 2.

181 1969 326 2008 Exiens
358 1968 512 2022 Dromo,
545 1981 680 2008 servus
707 1967 969 2018 Ctesiphonis,
1003 1978 1023 2004 a
1055 1966 1169 2004 domo
1204 1965 1278 2017 illa,
1311 1978 1331 2003 a
1361 1978 1435 2016 qua

94 2030 216 2080 Syrus
249 2029 408 2080 exierat,
439 2028 600 2067 vocabat
626 2040 715 2067 eum
748 2026 1018 2076 intellexitque
1046 2024 1200 2076 Demea,
1233 2026 1322 2075 quia
1349 2024 1435 2063 Cte-

94 2088 206 2139 sipho
232 2086 392 2126 vocabat
418 2099 506 2125 eum
534 2088 632 2126 DM.
688 2084 717 2126 4
743 2083 1033 2136 parasitaster]
1062 2096 1203 2134 parvus
1230 2085 1436 2134 parasitus.

91 2145 297 2195 paululus]
324 2145 519 2196 parvulus.
578 2144 604 2184 5
631 2148 730 2194 quid
754 2144 859 2194 assis]
889 2148 980 2182 tunc
1008 2142 1129 2180 voluit.
1154 2148 1288 2180 tencre
1317 2142 1436 2180 illum.
1463 2151 1508 2182 30

190 2275 207 2304 7
246 2270 422 2316 pertinet]
466 2270 667 2315 respondet:
705 2271 740 2304 Ι)
755 2269 808 2304 M.
981 2272 1022 2301 13
1061 2267 1179 2313 locus]
1224 2278 1273 2302 an
1311 2266 1436 2301 lusus?

94 2322 137 2352 15
170 2318 324 2363 puncta]
356 2317 484 2362 puncti
509 2317 607 2352 DM.
