<?xml version="1.0" encoding="UTF-8"?>
<!DOCTYPE html PUBLIC "-//W3C//DTD XHTML 1.0 Transitional//EN"
    "http://www.w3.org/TR/xhtml1/DTD/xhtml1-transitional.dtd">
<html xmlns="http://www.w3.org/1999/xhtml" xml:lang="en" lang="en">
 <head>
  <title>
</title>
<meta http-equiv="Content-Type" content="text/html;charset=utf-8" />
  <meta name='ocr-system' content='tesseract 3.04.00' />
  <meta name='ocr-capabilities' content='ocr_page ocr_carea ocr_par ocr_line ocrx_word'/>
</head>
<body>
  <div class='ocr_page' id='page_1' title='image "./scholiaterentian00schluoft_0164.png"; bbox 0 0 1681 2576; ppageno 0'>
   <div class='ocr_carea' id='block_1_1' title="bbox 194 105 1122 150">
    <p class='ocr_par' dir='ltr' id='par_1_1' title="bbox 194 105 1122 150">
     <span class='ocr_line' id='line_1_1' title="bbox 194 105 1122 150; baseline -0.006 -4"><span class='ocrx_word' id='word_1_1' title='bbox 194 111 206 149; x_wconf 80' lang='grc'>1</span> <span class='ocrx_word' id='word_1_2' title='bbox 221 109 276 150; x_wconf 77' lang='grc'>52</span> <span class='ocrx_word' id='word_1_3' title='bbox 606 106 898 142; x_wconf 68' lang='lat' dir='ltr'>Commentarius</span> <span class='ocrx_word' id='word_1_4' title='bbox 926 105 1122 150; x_wconf 73' lang='lat' dir='ltr'><strong>antiquior.</strong></span> 
     </span>
    </p>
   </div>
   <div class='ocr_carea' id='block_1_2' title="bbox 142 215 1539 621">
    <p class='ocr_par' dir='ltr' id='par_1_2' title="bbox 185 215 1539 445">
     <span class='ocr_line' id='line_1_2' title="bbox 191 215 1535 267; baseline -0.001 -10"><span class='ocrx_word' id='word_1_5' title='bbox 191 219 449 257; x_wconf 71' lang='lat' dir='ltr'>substantiam</span> <span class='ocrx_word' id='word_1_6' title='bbox 481 218 578 256; x_wconf 87' lang='lat' dir='ltr'>mihi</span> <span class='ocrx_word' id='word_1_7' title='bbox 604 218 839 267; x_wconf 80' lang='lat' dir='ltr'>vindicabo]</span> <span class='ocrx_word' id='word_1_8' title='bbox 891 215 946 257; x_wconf 83' lang='lat'>35</span> <span class='ocrx_word' id='word_1_9' title='bbox 969 217 1109 267; x_wconf 74' lang='lat' dir='ltr'>peslis]</span> <span class='ocrx_word' id='word_1_10' title='bbox 1139 218 1229 267; x_wconf 86' lang='lat' dir='ltr'>quia</span> <span class='ocrx_word' id='word_1_11' title='bbox 1256 216 1412 255; x_wconf 87' lang='lat' dir='ltr'>illorum</span> <span class='ocrx_word' id='word_1_12' title='bbox 1436 217 1535 256; x_wconf 87' lang='lat' dir='ltr'>hona</span> 
     </span>
     <span class='ocr_line' id='line_1_3' title="bbox 190 274 1536 327; baseline -0.001 -11"><span class='ocrx_word' id='word_1_13' title='bbox 190 278 343 316; x_wconf 73' lang='lat' dir='ltr'>devoro.</span> <span class='ocrx_word' id='word_1_14' title='bbox 394 274 451 316; x_wconf 98' lang='lat'>40</span> <span class='ocrx_word' id='word_1_15' title='bbox 484 276 647 326; x_wconf 73' lang='lat' dir='ltr'>adsero]</span> <span class='ocrx_word' id='word_1_16' title='bbox 688 278 819 315; x_wconf 83' lang='lat' dir='ltr'>sancio</span> <span class='ocrx_word' id='word_1_17' title='bbox 852 276 956 314; x_wconf 89' lang='lat' dir='ltr'>illam</span> <span class='ocrx_word' id='word_1_18' title='bbox 988 276 1151 313; x_wconf 77' lang='lat' dir='ltr'>liberam</span> <span class='ocrx_word' id='word_1_19' title='bbox 1184 288 1288 327; x_wconf 84' lang='lat' dir='ltr'>esse,</span> <span class='ocrx_word' id='word_1_20' title='bbox 1321 276 1360 313; x_wconf 88' lang='lat' dir='ltr'>id</span> <span class='ocrx_word' id='word_1_21' title='bbox 1395 281 1453 314; x_wconf 86' lang='lat' dir='ltr'>est</span> <span class='ocrx_word' id='word_1_22' title='bbox 1485 276 1536 315; x_wconf 85' lang='lat' dir='ltr'>af-</span> 
     </span>
     <span class='ocr_line' id='line_1_4' title="bbox 189 332 1534 387; baseline -0.001 -13"><span class='ocrx_word' id='word_1_23' title='bbox 189 337 301 374; x_wconf 87' lang='lat' dir='ltr'>firmo</span> <span class='ocrx_word' id='word_1_24' title='bbox 330 336 388 373; x_wconf 74' lang='lat' dir='ltr'>vel</span> <span class='ocrx_word' id='word_1_25' title='bbox 421 337 461 373; x_wconf 91' lang='grc'>111</span> <span class='ocrx_word' id='word_1_26' title='bbox 487 334 708 373; x_wconf 87' lang='lat' dir='ltr'>libertatem</span> <span class='ocrx_word' id='word_1_27' title='bbox 740 336 913 387; x_wconf 83' lang='lat' dir='ltr'>vindico;</span> <span class='ocrx_word' id='word_1_28' title='bbox 945 335 1036 372; x_wconf 88' lang='lat' dir='ltr'>inde</span> <span class='ocrx_word' id='word_1_29' title='bbox 1064 339 1280 372; x_wconf 74' lang='lat' dir='ltr'>assertores</span> <span class='ocrx_word' id='word_1_30' title='bbox 1302 336 1347 372; x_wconf 81' lang='lat' dir='ltr'>I).</span> <span class='ocrx_word' id='word_1_31' title='bbox 1394 332 1451 373; x_wconf 88' lang='lat'>45</span> <span class='ocrx_word' id='word_1_32' title='bbox 1479 338 1534 373; x_wconf 75' lang='lat' dir='ltr'>in-</span> 
     </span>
     <span class='ocr_line' id='line_1_5' title="bbox 185 391 1539 445; baseline -0.002 -11"><span class='ocrx_word' id='word_1_33' title='bbox 185 394 329 444; x_wconf 67' lang='lat' dir='ltr'>freye&#39;t]</span> <span class='ocrx_word' id='word_1_34' title='bbox 358 395 527 445; x_wconf 79' lang='lat' dir='ltr'>inpinxit</span> <span class='ocrx_word' id='word_1_35' title='bbox 557 395 600 442; x_wconf 81' lang='lat' dir='ltr'>G,</span> <span class='ocrx_word' id='word_1_36' title='bbox 628 395 814 445; x_wconf 81' lang='lat' dir='ltr'>imposuit</span> <span class='ocrx_word' id='word_1_37' title='bbox 840 395 942 432; x_wconf 80' lang='lat' dir='ltr'>DM.</span> <span class='ocrx_word' id='word_1_38' title='bbox 992 391 1048 432; x_wconf 85' lang='lat'>49</span> <span class='ocrx_word' id='word_1_39' title='bbox 1072 393 1217 443; x_wconf 76' lang='lat' dir='ltr'>faciet]</span> <span class='ocrx_word' id='word_1_40' title='bbox 1251 393 1418 432; x_wconf 80' lang='lat' dir='ltr'>adducet</span> <span class='ocrx_word' id='word_1_41' title='bbox 1438 394 1539 432; x_wconf 75' lang='grc' dir='ltr'>ΒΜ,</span> 
     </span>
    </p>

    <p class='ocr_par' dir='ltr' id='par_1_3' title="bbox 142 450 1538 621">
     <span class='ocr_line' id='line_1_6' title="bbox 142 450 1537 504; baseline -0.001 -12"><span class='ocrx_word' id='word_1_42' title='bbox 142 462 161 491; x_wconf 84' lang='grc'>5</span> <span class='ocrx_word' id='word_1_43' title='bbox 190 451 246 492; x_wconf 90' lang='grc'>50</span> <span class='ocrx_word' id='word_1_44' title='bbox 287 452 498 501; x_wconf 69' lang='lat' dir='ltr'>sommum]</span> <span class='ocrx_word' id='word_1_45' title='bbox 544 465 686 491; x_wconf 87' lang='lat' dir='ltr'>vanum</span> <span class='ocrx_word' id='word_1_46' title='bbox 725 457 800 504; x_wconf 84' lang='lat' dir='ltr'>est,</span> <span class='ocrx_word' id='word_1_47' title='bbox 840 453 941 503; x_wconf 88' lang='lat' dir='ltr'>quod</span> <span class='ocrx_word' id='word_1_48' title='bbox 982 453 1067 490; x_wconf 86' lang='lat' dir='ltr'>dico</span> <span class='ocrx_word' id='word_1_49' title='bbox 1102 453 1201 490; x_wconf 80' lang='lat' dir='ltr'>DM.</span> <span class='ocrx_word' id='word_1_50' title='bbox 1259 450 1312 491; x_wconf 87' lang='lat'>51</span> <span class='ocrx_word' id='word_1_51' title='bbox 1349 452 1406 501; x_wconf 73' lang='lat' dir='ltr'>id]</span> <span class='ocrx_word' id='word_1_52' title='bbox 1449 464 1537 503; x_wconf 90' lang='lat' dir='ltr'>pro-</span> 
     </span>
     <span class='ocr_line' id='line_1_7' title="bbox 190 509 1538 561; baseline 0 -11"><span class='ocrx_word' id='word_1_53' title='bbox 190 513 510 550; x_wconf 82' lang='lat' dir='ltr'>crastinationem</span> <span class='ocrx_word' id='word_1_54' title='bbox 547 511 659 561; x_wconf 77' lang='lat' dir='ltr'>[DM</span> <span class='ocrx_word' id='word_1_55' title='bbox 688 514 800 550; x_wconf 62' lang='lat' dir='ltr'>add:</span> <span class='ocrx_word' id='word_1_56' title='bbox 845 516 883 549; x_wconf 89' lang='lat' dir='ltr'>et</span> <span class='ocrx_word' id='word_1_57' title='bbox 920 510 1216 561; x_wconf 82' lang='lat' dir='ltr'>dilatationem]</span> <span class='ocrx_word' id='word_1_58' title='bbox 1279 509 1334 549; x_wconf 88' lang='grc'>52</span> <span class='ocrx_word' id='word_1_59' title='bbox 1377 513 1538 559; x_wconf 76' lang='lat' dir='ltr'>quando</span> 
     </span>
     <span class='ocr_line' id='line_1_8' title="bbox 190 569 1235 621; baseline -0.002 -11"><span class='ocrx_word' id='word_1_60' title='bbox 190 570 413 620; x_wconf 69' lang='lat' dir='ltr'>occeperis]</span> <span class='ocrx_word' id='word_1_61' title='bbox 447 570 724 621; x_wconf 83' lang='lat' dir='ltr'>apostropham</span> <span class='ocrx_word' id='word_1_62' title='bbox 756 570 848 608; x_wconf 80' lang='lat' dir='ltr'>facit</span> <span class='ocrx_word' id='word_1_63' title='bbox 880 569 925 608; x_wconf 92' lang='lat' dir='ltr'>ad</span> <span class='ocrx_word' id='word_1_64' title='bbox 960 582 999 608; x_wconf 93' lang='grc'>50</span> <span class='ocrx_word' id='word_1_65' title='bbox 1033 572 1162 621; x_wconf 88' lang='lat' dir='ltr'>ipsum</span> <span class='ocrx_word' id='word_1_66' title='bbox 1193 571 1235 608; x_wconf 74' lang='lat' dir='ltr'>G.</span> 
     </span>
    </p>
   </div>
   <div class='ocr_carea' id='block_1_3' title="bbox 804 697 913 751">
    <p class='ocr_par' dir='ltr' id='par_1_4' title="bbox 804 697 913 751">
     <span class='ocr_line' id='line_1_9' title="bbox 804 697 913 751; baseline 0 -14"><span class='ocrx_word' id='word_1_67' title='bbox 804 698 850 751; x_wconf 84' lang='grc'>11,</span> <span class='ocrx_word' id='word_1_68' title='bbox 877 697 913 737; x_wconf 84' lang='lat'>2.</span> 
     </span>
    </p>
   </div>
   <div class='ocr_carea' id='block_1_4' title="bbox 115 769 1540 2233">
    <p class='ocr_par' dir='ltr' id='par_1_5' title="bbox 277 769 1540 822">
     <span class='ocr_line' id='line_1_10' title="bbox 277 769 1540 822; baseline -0.002 -13"><span class='ocrx_word' id='word_1_69' title='bbox 277 771 416 822; x_wconf 62' lang='lat' dir='ltr'>Syrus,</span> <span class='ocrx_word' id='word_1_70' title='bbox 455 782 591 808; x_wconf 86' lang='lat' dir='ltr'>servus</span> <span class='ocrx_word' id='word_1_71' title='bbox 629 769 827 821; x_wconf 87' lang='lat' dir='ltr'>Micionis,</span> <span class='ocrx_word' id='word_1_72' title='bbox 868 769 1004 807; x_wconf 86' lang='lat' dir='ltr'>videns</span> <span class='ocrx_word' id='word_1_73' title='bbox 1047 769 1249 808; x_wconf 88' lang='lat' dir='ltr'>sollicitari</span> <span class='ocrx_word' id='word_1_74' title='bbox 1289 769 1540 821; x_wconf 89' lang='lat' dir='ltr'>Aeschinum,</span> 
     </span>
    </p>

    <p class='ocr_par' dir='ltr' id='par_1_6' title="bbox 118 825 1538 1293">
     <span class='ocr_line' id='line_1_11' title="bbox 119 825 1538 880; baseline 0.001 -14"><span class='ocrx_word' id='word_1_75' title='bbox 119 837 161 866; x_wconf 80' lang='grc'>10</span> <span class='ocrx_word' id='word_1_76' title='bbox 190 830 391 868; x_wconf 88' lang='lat' dir='ltr'>dominum</span> <span class='ocrx_word' id='word_1_77' title='bbox 420 841 545 880; x_wconf 87' lang='lat' dir='ltr'>suum,</span> <span class='ocrx_word' id='word_1_78' title='bbox 572 829 619 867; x_wconf 91' lang='lat' dir='ltr'>de</span> <span class='ocrx_word' id='word_1_79' title='bbox 645 828 731 880; x_wconf 88' lang='lat' dir='ltr'>hoc,</span> <span class='ocrx_word' id='word_1_80' title='bbox 758 828 861 879; x_wconf 85' lang='lat' dir='ltr'>quod</span> <span class='ocrx_word' id='word_1_81' title='bbox 888 828 1020 866; x_wconf 90' lang='lat' dir='ltr'>lenoni</span> <span class='ocrx_word' id='word_1_82' title='bbox 1046 828 1202 880; x_wconf 77' lang='lat' dir='ltr'>fecerat,</span> <span class='ocrx_word' id='word_1_83' title='bbox 1229 830 1282 867; x_wconf 89' lang='lat' dir='ltr'>ait</span> <span class='ocrx_word' id='word_1_84' title='bbox 1307 828 1374 867; x_wconf 91' lang='lat' dir='ltr'>illi.</span> <span class='ocrx_word' id='word_1_85' title='bbox 1420 825 1446 867; x_wconf 82' lang='lat'>5</span> <span class='ocrx_word' id='word_1_86' title='bbox 1473 841 1538 867; x_wconf 77' lang='lat' dir='ltr'>us-</span> 
     </span>
     <span class='ocr_line' id='line_1_12' title="bbox 190 886 1538 938; baseline -0.001 -11"><span class='ocrx_word' id='word_1_87' title='bbox 190 888 282 938; x_wconf 76' lang='lat' dir='ltr'>que]</span> <span class='ocrx_word' id='word_1_88' title='bbox 316 887 484 926; x_wconf 85' lang='lat' dir='ltr'>multum</span> <span class='ocrx_word' id='word_1_89' title='bbox 516 889 553 926; x_wconf 81' lang='lat' dir='ltr'>C.</span> <span class='ocrx_word' id='word_1_90' title='bbox 605 886 631 927; x_wconf 82' lang='lat'>6</span> <span class='ocrx_word' id='word_1_91' title='bbox 658 899 807 926; x_wconf 82' lang='lat' dir='ltr'>morem</span> <span class='ocrx_word' id='word_1_92' title='bbox 837 886 1009 937; x_wconf 64' lang='lat' dir='ltr'>oesiam]</span> <span class='ocrx_word' id='word_1_93' title='bbox 1043 899 1193 925; x_wconf 89' lang='lat' dir='ltr'>morem</span> <span class='ocrx_word' id='word_1_94' title='bbox 1220 899 1356 938; x_wconf 85' lang='lat' dir='ltr'>gerere</span> <span class='ocrx_word' id='word_1_95' title='bbox 1383 891 1421 925; x_wconf 90' lang='lat' dir='ltr'>et</span> <span class='ocrx_word' id='word_1_96' title='bbox 1447 899 1538 925; x_wconf 90' lang='lat' dir='ltr'>con-</span> 
     </span>
     <span class='ocr_line' id='line_1_13' title="bbox 190 945 1537 997; baseline -0.001 -12"><span class='ocrx_word' id='word_1_97' title='bbox 190 949 347 986; x_wconf 79' lang='lat' dir='ltr'>sentire.</span> <span class='ocrx_word' id='word_1_98' title='bbox 407 945 459 986; x_wconf 90' lang='lat'>11</span> <span class='ocrx_word' id='word_1_99' title='bbox 498 946 624 997; x_wconf 75' lang='lat' dir='ltr'>spem]</span> <span class='ocrx_word' id='word_1_100' title='bbox 664 946 913 997; x_wconf 85' lang='lat' dir='ltr'>recipiendae</span> <span class='ocrx_word' id='word_1_101' title='bbox 952 946 1157 984; x_wconf 86' lang='lat' dir='ltr'>mercedis.</span> <span class='ocrx_word' id='word_1_102' title='bbox 1215 958 1293 985; x_wconf 77' lang='lat' dir='ltr'>non</span> <span class='ocrx_word' id='word_1_103' title='bbox 1332 946 1434 996; x_wconf 83' lang='lat' dir='ltr'>emo]</span> <span class='ocrx_word' id='word_1_104' title='bbox 1469 946 1537 984; x_wconf 88' lang='lat' dir='ltr'>sed</span> 
     </span>
     <span class='ocr_line' id='line_1_14' title="bbox 188 1002 1536 1058; baseline -0.001 -14"><span class='ocrx_word' id='word_1_105' title='bbox 188 1019 249 1058; x_wconf 83' lang='lat' dir='ltr'>ea,</span> <span class='ocrx_word' id='word_1_106' title='bbox 293 1018 390 1057; x_wconf 83' lang='lat' dir='ltr'>quae</span> <span class='ocrx_word' id='word_1_107' title='bbox 432 1007 472 1044; x_wconf 90' lang='lat' dir='ltr'>in</span> <span class='ocrx_word' id='word_1_108' title='bbox 513 1007 737 1056; x_wconf 86' lang='lat' dir='ltr'>praesentia</span> <span class='ocrx_word' id='word_1_109' title='bbox 777 1009 884 1056; x_wconf 88' lang='lat' dir='ltr'>sunt,</span> <span class='ocrx_word' id='word_1_110' title='bbox 921 1004 1007 1043; x_wconf 88' lang='lat' dir='ltr'>volo</span> <span class='ocrx_word' id='word_1_111' title='bbox 1046 1017 1188 1043; x_wconf 88' lang='lat' dir='ltr'>emere.</span> <span class='ocrx_word' id='word_1_112' title='bbox 1241 1002 1294 1043; x_wconf 84' lang='lat'>12</span> <span class='ocrx_word' id='word_1_113' title='bbox 1334 1004 1536 1054; x_wconf 70' lang='lat' dir='ltr'>inescare]</span> 
     </span>
     <span class='ocr_line' id='line_1_15' title="bbox 188 1061 1537 1115; baseline -0.001 -12"><span class='ocrx_word' id='word_1_114' title='bbox 188 1065 384 1103; x_wconf 82' lang='lat' dir='ltr'>attrahere</span> <span class='ocrx_word' id='word_1_115' title='bbox 419 1069 456 1103; x_wconf 83' lang='grc'>01</span> <span class='ocrx_word' id='word_1_116' title='bbox 489 1064 709 1103; x_wconf 89' lang='lat' dir='ltr'>conducere</span> <span class='ocrx_word' id='word_1_117' title='bbox 742 1063 814 1102; x_wconf 84' lang='lat' dir='ltr'>tibi</span> <span class='ocrx_word' id='word_1_118' title='bbox 841 1065 942 1102; x_wconf 91' lang='grc'>510111</span> <span class='ocrx_word' id='word_1_119' title='bbox 966 1065 1107 1115; x_wconf 84' lang='lat' dir='ltr'>pisces.</span> <span class='ocrx_word' id='word_1_120' title='bbox 1154 1061 1208 1103; x_wconf 88' lang='lat'>15</span> <span class='ocrx_word' id='word_1_121' title='bbox 1236 1065 1309 1102; x_wconf 64' lang='lat' dir='ltr'>tibi</span> <span class='ocrx_word' id='word_1_122' title='bbox 1332 1063 1427 1113; x_wconf 73' lang='lat' dir='ltr'>sint]</span> <span class='ocrx_word' id='word_1_123' title='bbox 1456 1063 1537 1102; x_wconf 88' lang='grc'>5011.</span> 
     </span>
     <span class='ocr_line' id='line_1_16' title="bbox 118 1121 1536 1175; baseline -0.001 -13"><span class='ocrx_word' id='word_1_124' title='bbox 118 1132 160 1162; x_wconf 82' lang='lat'>15</span> <span class='ocrx_word' id='word_1_125' title='bbox 188 1124 377 1175; x_wconf 73' lang='lat' dir='ltr'>redditae,</span> <span class='ocrx_word' id='word_1_126' title='bbox 398 1125 451 1162; x_wconf 88' lang='lat' dir='ltr'>ita</span> <span class='ocrx_word' id='word_1_127' title='bbox 472 1125 526 1162; x_wconf 93' lang='lat' dir='ltr'>sis</span> <span class='ocrx_word' id='word_1_128' title='bbox 542 1128 759 1161; x_wconf 87' lang='lat' dir='ltr'>contentus.</span> <span class='ocrx_word' id='word_1_129' title='bbox 795 1121 849 1162; x_wconf 87' lang='grc'>16</span> <span class='ocrx_word' id='word_1_130' title='bbox 865 1129 1085 1172; x_wconf 74' lang='lat' dir='ltr'>praeterea</span> <span class='ocrx_word' id='word_1_131' title='bbox 1106 1128 1238 1161; x_wconf 71' lang='lat' dir='ltr'>[netem</span> <span class='ocrx_word' id='word_1_132' title='bbox 1259 1128 1296 1161; x_wconf 81' lang='lat' dir='ltr'>te</span> <span class='ocrx_word' id='word_1_133' title='bbox 1316 1122 1536 1172; x_wconf 62' lang='lat' dir='ltr'>ammeta]</span> 
     </span>
     <span class='ocr_line' id='line_1_17' title="bbox 188 1181 1537 1233; baseline -0.001 -12"><span class='ocrx_word' id='word_1_134' title='bbox 188 1183 332 1221; x_wconf 82' lang='lat' dir='ltr'>Sannio</span> <span class='ocrx_word' id='word_1_135' title='bbox 359 1182 448 1221; x_wconf 89' lang='lat' dir='ltr'>leno</span> <span class='ocrx_word' id='word_1_136' title='bbox 476 1187 623 1221; x_wconf 85' lang='lat' dir='ltr'>emerat.</span> <span class='ocrx_word' id='word_1_137' title='bbox 649 1181 798 1233; x_wconf 88' lang='lat' dir='ltr'>puellas</span> <span class='ocrx_word' id='word_1_138' title='bbox 825 1186 863 1220; x_wconf 89' lang='lat' dir='ltr'>et</span> <span class='ocrx_word' id='word_1_139' title='bbox 890 1181 1080 1232; x_wconf 86' lang='lat' dir='ltr'>quaedam</span> <span class='ocrx_word' id='word_1_140' title='bbox 1106 1181 1179 1220; x_wconf 89' lang='lat' dir='ltr'>alia</span> <span class='ocrx_word' id='word_1_141' title='bbox 1207 1186 1245 1220; x_wconf 92' lang='lat' dir='ltr'>et</span> <span class='ocrx_word' id='word_1_142' title='bbox 1270 1181 1422 1220; x_wconf 87' lang='lat' dir='ltr'>volebat</span> <span class='ocrx_word' id='word_1_143' title='bbox 1447 1193 1537 1232; x_wconf 87' lang='lat' dir='ltr'>pro-</span> 
     </span>
     <span class='ocr_line' id='line_1_18' title="bbox 186 1240 1536 1293; baseline -0.001 -13"><span class='ocrx_word' id='word_1_144' title='bbox 186 1243 309 1280; x_wconf 85' lang='lat' dir='ltr'>ficisci</span> <span class='ocrx_word' id='word_1_145' title='bbox 337 1241 519 1293; x_wconf 82' lang='lat' dir='ltr'>Cyprum,</span> <span class='ocrx_word' id='word_1_146' title='bbox 545 1246 589 1280; x_wconf 89' lang='lat' dir='ltr'>ut</span> <span class='ocrx_word' id='word_1_147' title='bbox 615 1254 658 1279; x_wconf 91' lang='lat' dir='ltr'>ea</span> <span class='ocrx_word' id='word_1_148' title='bbox 686 1240 741 1279; x_wconf 87' lang='lat' dir='ltr'>ibi</span> <span class='ocrx_word' id='word_1_149' title='bbox 765 1240 963 1279; x_wconf 86' lang='lat' dir='ltr'>venderet.</span> <span class='ocrx_word' id='word_1_150' title='bbox 1008 1240 1203 1291; x_wconf 81' lang='lat' dir='ltr'>cogitabat</span> <span class='ocrx_word' id='word_1_151' title='bbox 1229 1245 1358 1279; x_wconf 87' lang='lat' dir='ltr'>autem</span> <span class='ocrx_word' id='word_1_152' title='bbox 1384 1240 1458 1279; x_wconf 92' lang='lat' dir='ltr'>hoc</span> <span class='ocrx_word' id='word_1_153' title='bbox 1484 1243 1536 1279; x_wconf 90' lang='lat' dir='ltr'>ita</span> 
     </span>
    </p>

    <p class='ocr_par' dir='ltr' id='par_1_7' title="bbox 115 1299 1537 1706">
     <span class='ocr_line' id='line_1_19' title="bbox 189 1299 1537 1352; baseline -0.001 -13"><span class='ocrx_word' id='word_1_154' title='bbox 189 1313 229 1339; x_wconf 97' lang='grc'>50</span> <span class='ocrx_word' id='word_1_155' title='bbox 252 1301 415 1339; x_wconf 84' lang='lat' dir='ltr'>silenter</span> <span class='ocrx_word' id='word_1_156' title='bbox 436 1305 626 1352; x_wconf 88' lang='lat' dir='ltr'>acturum,</span> <span class='ocrx_word' id='word_1_157' title='bbox 645 1305 689 1338; x_wconf 82' lang='lat' dir='ltr'>ut</span> <span class='ocrx_word' id='word_1_158' title='bbox 708 1312 823 1338; x_wconf 91' lang='lat' dir='ltr'>nemo</span> <span class='ocrx_word' id='word_1_159' title='bbox 850 1304 1042 1338; x_wconf 83' lang='lat' dir='ltr'>nosceret.</span> <span class='ocrx_word' id='word_1_160' title='bbox 1076 1299 1212 1337; x_wconf 84' lang='lat' dir='ltr'>callide</span> <span class='ocrx_word' id='word_1_161' title='bbox 1240 1311 1332 1349; x_wconf 86' lang='lat' dir='ltr'>ergo</span> <span class='ocrx_word' id='word_1_162' title='bbox 1360 1310 1537 1350; x_wconf 87' lang='lat' dir='ltr'>compre-</span> 
     </span>
     <span class='ocr_line' id='line_1_20' title="bbox 184 1358 1536 1411; baseline 0 -13"><span class='ocrx_word' id='word_1_163' title='bbox 184 1360 321 1398; x_wconf 86' lang='lat' dir='ltr'>hendit</span> <span class='ocrx_word' id='word_1_164' title='bbox 354 1359 463 1397; x_wconf 91' lang='lat' dir='ltr'>illum</span> <span class='ocrx_word' id='word_1_165' title='bbox 485 1360 606 1411; x_wconf 73' lang='lat' dir='ltr'>Syrus</span> <span class='ocrx_word' id='word_1_166' title='bbox 634 1359 787 1397; x_wconf 88' lang='lat' dir='ltr'>dicens:</span> <span class='ocrx_word' id='word_1_167' title='bbox 821 1371 909 1397; x_wconf 87' lang='lat' dir='ltr'>eum</span> <span class='ocrx_word' id='word_1_168' title='bbox 942 1358 1121 1410; x_wconf 82' lang='lat' dir='ltr'>redieris,</span> <span class='ocrx_word' id='word_1_169' title='bbox 1155 1358 1333 1396; x_wconf 85' lang='lat' dir='ltr'>fortassis</span> <span class='ocrx_word' id='word_1_170' title='bbox 1366 1360 1536 1409; x_wconf 87' lang='lat' dir='ltr'>recipies</span> 
     </span>
     <span class='ocr_line' id='line_1_21' title="bbox 115 1417 1535 1469; baseline -0.001 -12"><span class='ocrx_word' id='word_1_171' title='bbox 115 1427 158 1457; x_wconf 72' lang='lat'>20</span> <span class='ocrx_word' id='word_1_172' title='bbox 186 1424 391 1469; x_wconf 82' lang='lat' dir='ltr'>argentum</span> <span class='ocrx_word' id='word_1_173' title='bbox 417 1431 488 1469; x_wconf 91' lang='lat' dir='ltr'>pro</span> <span class='ocrx_word' id='word_1_174' title='bbox 515 1419 587 1456; x_wconf 89' lang='lat' dir='ltr'>hac</span> <span class='ocrx_word' id='word_1_175' title='bbox 613 1423 744 1456; x_wconf 87' lang='lat' dir='ltr'>tamen</span> <span class='ocrx_word' id='word_1_176' title='bbox 763 1417 903 1468; x_wconf 88' lang='lat' dir='ltr'>puella.</span> <span class='ocrx_word' id='word_1_177' title='bbox 949 1418 1108 1455; x_wconf 85' lang='lat' dir='ltr'>interim</span> <span class='ocrx_word' id='word_1_178' title='bbox 1128 1417 1431 1468; x_wconf 83' lang='lat' dir='ltr'>praestolaberis</span> <span class='ocrx_word' id='word_1_179' title='bbox 1457 1419 1535 1456; x_wconf 83' lang='lat' dir='ltr'>GE.</span> 
     </span>
     <span class='ocr_line' id='line_1_22' title="bbox 187 1474 1537 1527; baseline -0.001 -11"><span class='ocrx_word' id='word_1_180' title='bbox 187 1476 241 1516; x_wconf 85' lang='lat'>19</span> <span class='ocrx_word' id='word_1_181' title='bbox 270 1477 397 1527; x_wconf 70' lang='lat' dir='ltr'>perii]</span> <span class='ocrx_word' id='word_1_182' title='bbox 432 1490 566 1516; x_wconf 89' lang='lat' dir='ltr'>secum</span> <span class='ocrx_word' id='word_1_183' title='bbox 593 1478 637 1516; x_wconf 90' lang='lat' dir='ltr'>E.</span> <span class='ocrx_word' id='word_1_184' title='bbox 683 1476 807 1526; x_wconf 67' lang='lat' dir='ltr'>timet]</span> <span class='ocrx_word' id='word_1_185' title='bbox 837 1488 970 1515; x_wconf 89' lang='lat' dir='ltr'>secum</span> <span class='ocrx_word' id='word_1_186' title='bbox 997 1477 1041 1514; x_wconf 89' lang='lat' dir='ltr'>E.</span> <span class='ocrx_word' id='word_1_187' title='bbox 1093 1474 1150 1515; x_wconf 83' lang='lat'>20</span> <span class='ocrx_word' id='word_1_188' title='bbox 1181 1476 1432 1526; x_wconf 73' lang='lat' dir='ltr'>scrupulum]</span> <span class='ocrx_word' id='word_1_189' title='bbox 1467 1477 1537 1515; x_wconf 90' lang='lat' dir='ltr'>du-</span> 
     </span>
     <span class='ocr_line' id='line_1_23' title="bbox 184 1530 1537 1586; baseline -0.001 -12"><span class='ocrx_word' id='word_1_190' title='bbox 184 1536 426 1575; x_wconf 86' lang='lat' dir='ltr'>bitationem.</span> <span class='ocrx_word' id='word_1_191' title='bbox 472 1535 525 1575; x_wconf 91' lang='grc'>21</span> <span class='ocrx_word' id='word_1_192' title='bbox 554 1539 595 1575; x_wconf 66' lang='lat' dir='ltr'>‘in</span> <span class='ocrx_word' id='word_1_193' title='bbox 623 1539 706 1586; x_wconf 73' lang='lat' dir='ltr'>ipso</span> <span class='ocrx_word' id='word_1_194' title='bbox 733 1535 924 1585; x_wconf 64' lang='lat' dir='ltr'>articulo]</span> <span class='ocrx_word' id='word_1_195' title='bbox 953 1536 993 1573; x_wconf 90' lang='lat' dir='ltr'>in</span> <span class='ocrx_word' id='word_1_196' title='bbox 1019 1535 1129 1573; x_wconf 87' lang='lat' dir='ltr'>brevi</span> <span class='ocrx_word' id='word_1_197' title='bbox 1154 1539 1331 1586; x_wconf 87' lang='lat' dir='ltr'>tempore</span> <span class='ocrx_word' id='word_1_198' title='bbox 1358 1540 1397 1573; x_wconf 89' lang='grc'>01</span> <span class='ocrx_word' id='word_1_199' title='bbox 1423 1530 1537 1574; x_wconf 71' lang='lat' dir='ltr'>Initio</span> 
     </span>
     <span class='ocr_line' id='line_1_24' title="bbox 186 1592 1537 1644; baseline -0.001 -10"><span class='ocrx_word' id='word_1_200' title='bbox 186 1597 381 1634; x_wconf 78' lang='lat' dir='ltr'>sermonis</span> <span class='ocrx_word' id='word_1_201' title='bbox 411 1597 461 1644; x_wconf 79' lang='lat' dir='ltr'>D,</span> <span class='ocrx_word' id='word_1_202' title='bbox 500 1597 541 1634; x_wconf 92' lang='lat' dir='ltr'>in</span> <span class='ocrx_word' id='word_1_203' title='bbox 581 1596 692 1633; x_wconf 87' lang='lat' dir='ltr'>initio</span> <span class='ocrx_word' id='word_1_204' title='bbox 725 1596 784 1633; x_wconf 88' lang='lat' dir='ltr'>rei</span> <span class='ocrx_word' id='word_1_205' title='bbox 822 1596 903 1632; x_wconf 79' lang='lat' dir='ltr'>CG.</span> <span class='ocrx_word' id='word_1_206' title='bbox 957 1592 1013 1632; x_wconf 87' lang='grc'>24</span> <span class='ocrx_word' id='word_1_207' title='bbox 1045 1600 1179 1633; x_wconf 69' lang='lat' dir='ltr'>actum</span> <span class='ocrx_word' id='word_1_208' title='bbox 1212 1594 1348 1644; x_wconf 65' lang='lat' dir='ltr'>aqam]</span> <span class='ocrx_word' id='word_1_209' title='bbox 1383 1595 1537 1633; x_wconf 87' lang='lat' dir='ltr'>finitum</span> 
     </span>
     <span class='ocr_line' id='line_1_25' title="bbox 186 1651 1535 1706; baseline -0.001 -13"><span class='ocrx_word' id='word_1_210' title='bbox 186 1655 324 1693; x_wconf 86' lang='lat' dir='ltr'>faciam</span> <span class='ocrx_word' id='word_1_211' title='bbox 345 1659 384 1693; x_wconf 88' lang='lat' dir='ltr'>et</span> <span class='ocrx_word' id='word_1_212' title='bbox 402 1655 602 1706; x_wconf 88' lang='lat' dir='ltr'>perditum</span> <span class='ocrx_word' id='word_1_213' title='bbox 628 1656 711 1702; x_wconf 77' lang='lat' dir='ltr'>OG,</span> <span class='ocrx_word' id='word_1_214' title='bbox 737 1653 898 1705; x_wconf 90' lang='lat' dir='ltr'>perdam</span> <span class='ocrx_word' id='word_1_215' title='bbox 926 1654 1080 1691; x_wconf 86' lang='lat' dir='ltr'>finitum</span> <span class='ocrx_word' id='word_1_216' title='bbox 1100 1654 1146 1691; x_wconf 78' lang='lat' dir='ltr'>D.</span> <span class='ocrx_word' id='word_1_217' title='bbox 1193 1651 1248 1692; x_wconf 84' lang='grc'>26</span> <span class='ocrx_word' id='word_1_218' title='bbox 1276 1665 1352 1692; x_wconf 77' lang='lat' dir='ltr'>cur</span> <span class='ocrx_word' id='word_1_219' title='bbox 1372 1653 1535 1703; x_wconf 78' lang='lat' dir='ltr'>passus]</span> 
     </span>
    </p>

    <p class='ocr_par' dir='ltr' id='par_1_8' title="bbox 115 1710 1540 2233">
     <span class='ocr_line' id='line_1_26' title="bbox 116 1710 1537 1765; baseline -0.001 -14"><span class='ocrx_word' id='word_1_220' title='bbox 116 1721 159 1751; x_wconf 74' lang='lat'>25</span> <span class='ocrx_word' id='word_1_221' title='bbox 189 1713 271 1751; x_wconf 89' lang='lat' dir='ltr'>scil.</span> <span class='ocrx_word' id='word_1_222' title='bbox 304 1726 358 1765; x_wconf 89' lang='lat' dir='ltr'>es,</span> <span class='ocrx_word' id='word_1_223' title='bbox 384 1714 551 1764; x_wconf 85' lang='lat' dir='ltr'>perdere</span> <span class='ocrx_word' id='word_1_224' title='bbox 585 1720 789 1763; x_wconf 82' lang='lat' dir='ltr'>argentum</span> <span class='ocrx_word' id='word_1_225' title='bbox 815 1717 936 1751; x_wconf 86' lang='grc'>11111111.</span> <span class='ocrx_word' id='word_1_226' title='bbox 983 1710 1036 1751; x_wconf 84' lang='grc'>27</span> <span class='ocrx_word' id='word_1_227' title='bbox 1065 1711 1163 1761; x_wconf 73' lang='lat' dir='ltr'>tum]</span> <span class='ocrx_word' id='word_1_228' title='bbox 1192 1723 1280 1750; x_wconf 88' lang='lat' dir='ltr'>cum</span> <span class='ocrx_word' id='word_1_229' title='bbox 1306 1712 1461 1750; x_wconf 87' lang='lat' dir='ltr'>rediero</span> <span class='ocrx_word' id='word_1_230' title='bbox 1489 1712 1537 1750; x_wconf 92' lang='lat' dir='ltr'>de</span> 
     </span>
     <span class='ocr_line' id='line_1_27' title="bbox 186 1768 1535 1821; baseline -0.001 -11"><span class='ocrx_word' id='word_1_231' title='bbox 186 1777 363 1810; x_wconf 86' lang='lat' dir='ltr'>mercatu</span> <span class='ocrx_word' id='word_1_232' title='bbox 395 1774 442 1810; x_wconf 78' lang='lat' dir='ltr'>D.</span> <span class='ocrx_word' id='word_1_233' title='bbox 501 1770 557 1810; x_wconf 82' lang='lat'>30</span> <span class='ocrx_word' id='word_1_234' title='bbox 599 1770 910 1821; x_wconf 73' lang='lat' dir='ltr'>oppressionem]</span> <span class='ocrx_word' id='word_1_235' title='bbox 954 1770 1188 1809; x_wconf 78' lang='lat' dir='ltr'>violentiam.</span> <span class='ocrx_word' id='word_1_236' title='bbox 1249 1768 1302 1808; x_wconf 83' lang='lat'>31</span> <span class='ocrx_word' id='word_1_237' title='bbox 1346 1770 1535 1820; x_wconf 72' lang='lat' dir='ltr'>labascit]</span> 
     </span>
     <span class='ocr_line' id='line_1_28' title="bbox 184 1826 1540 1881; baseline 0 -14"><span class='ocrx_word' id='word_1_238' title='bbox 184 1832 310 1869; x_wconf 64' lang='lat' dir='ltr'>victus</span> <span class='ocrx_word' id='word_1_239' title='bbox 344 1835 404 1868; x_wconf 87' lang='lat' dir='ltr'>est</span> <span class='ocrx_word' id='word_1_240' title='bbox 434 1832 517 1881; x_wconf 81' lang='lat' dir='ltr'>GC,</span> <span class='ocrx_word' id='word_1_241' title='bbox 550 1832 627 1868; x_wconf 91' lang='lat' dir='ltr'>iam</span> <span class='ocrx_word' id='word_1_242' title='bbox 659 1830 790 1868; x_wconf 85' lang='lat' dir='ltr'>deficit</span> <span class='ocrx_word' id='word_1_243' title='bbox 815 1831 944 1867; x_wconf 87' lang='lat' dir='ltr'>animo</span> <span class='ocrx_word' id='word_1_244' title='bbox 971 1830 1070 1868; x_wconf 78' lang='lat' dir='ltr'>DM.</span> <span class='ocrx_word' id='word_1_245' title='bbox 1123 1826 1179 1867; x_wconf 84' lang='lat'>34</span> <span class='ocrx_word' id='word_1_246' title='bbox 1204 1828 1418 1878; x_wconf 74' lang='lat' dir='ltr'>conradet]</span> <span class='ocrx_word' id='word_1_247' title='bbox 1446 1841 1540 1867; x_wconf 78' lang='lat' dir='ltr'>con-</span> 
     </span>
     <span class='ocr_line' id='line_1_29' title="bbox 184 1887 1537 1939; baseline -0.001 -11"><span class='ocrx_word' id='word_1_248' title='bbox 184 1889 314 1928; x_wconf 84' lang='lat' dir='ltr'>trahet</span> <span class='ocrx_word' id='word_1_249' title='bbox 346 1894 384 1927; x_wconf 89' lang='lat' dir='ltr'>et</span> <span class='ocrx_word' id='word_1_250' title='bbox 415 1888 659 1928; x_wconf 83' lang='lat' dir='ltr'>coadunabit.</span> <span class='ocrx_word' id='word_1_251' title='bbox 712 1887 765 1927; x_wconf 83' lang='lat'>37</span> <span class='ocrx_word' id='word_1_252' title='bbox 800 1888 933 1938; x_wconf 79' lang='lat' dir='ltr'>luber]</span> <span class='ocrx_word' id='word_1_253' title='bbox 968 1888 1157 1939; x_wconf 77' lang='lat' dir='ltr'>inflatum,</span> <span class='ocrx_word' id='word_1_254' title='bbox 1191 1899 1261 1938; x_wconf 87' lang='lat' dir='ltr'>pro</span> <span class='ocrx_word' id='word_1_255' title='bbox 1294 1887 1537 1927; x_wconf 84' lang='lat' dir='ltr'>tuberosum.</span> 
     </span>
     <span class='ocr_line' id='line_1_30' title="bbox 186 1946 1537 1998; baseline -0.002 -11"><span class='ocrx_word' id='word_1_256' title='bbox 186 1947 240 1987; x_wconf 77' lang='lat'>38</span> <span class='ocrx_word' id='word_1_257' title='bbox 275 1948 513 1997; x_wconf 75' lang='lat' dir='ltr'>defraudat]</span> <span class='ocrx_word' id='word_1_258' title='bbox 553 1960 623 1998; x_wconf 89' lang='lat' dir='ltr'>pro</span> <span class='ocrx_word' id='word_1_259' title='bbox 662 1946 908 1985; x_wconf 87' lang='lat' dir='ltr'>defraudabit</span> <span class='ocrx_word' id='word_1_260' title='bbox 945 1948 982 1985; x_wconf 82' lang='lat' dir='ltr'>C.</span> <span class='ocrx_word' id='word_1_261' title='bbox 1040 1946 1197 1998; x_wconf 89' lang='lat' dir='ltr'>fraudo,</span> <span class='ocrx_word' id='word_1_262' title='bbox 1238 1946 1413 1998; x_wconf 85' lang='lat' dir='ltr'>fraudas,</span> <span class='ocrx_word' id='word_1_263' title='bbox 1445 1947 1537 1985; x_wconf 91' lang='lat' dir='ltr'>inde</span> 
     </span>
     <span class='ocr_line' id='line_1_31' title="bbox 115 2005 1537 2058; baseline 0 -14"><span class='ocrx_word' id='word_1_264' title='bbox 115 2016 159 2046; x_wconf 85' lang='lat'>30</span> <span class='ocrx_word' id='word_1_265' title='bbox 188 2008 436 2058; x_wconf 79' lang='lat' dir='ltr'>componitur</span> <span class='ocrx_word' id='word_1_266' title='bbox 468 2007 650 2057; x_wconf 88' lang='lat' dir='ltr'>defrudo,</span> <span class='ocrx_word' id='word_1_267' title='bbox 683 2006 877 2044; x_wconf 88' lang='lat' dir='ltr'>defrudas.</span> <span class='ocrx_word' id='word_1_268' title='bbox 920 2005 1010 2043; x_wconf 90' lang='lat' dir='ltr'>inde</span> <span class='ocrx_word' id='word_1_269' title='bbox 1044 2005 1243 2044; x_wconf 86' lang='lat' dir='ltr'>defrutum</span> <span class='ocrx_word' id='word_1_270' title='bbox 1275 2006 1408 2043; x_wconf 86' lang='lat' dir='ltr'>vinum</span> <span class='ocrx_word' id='word_1_271' title='bbox 1441 2005 1537 2044; x_wconf 90' lang='lat' dir='ltr'>dici-</span> 
     </span>
     <span class='ocr_line' id='line_1_32' title="bbox 185 2063 1539 2115; baseline 0 -12"><span class='ocrx_word' id='word_1_272' title='bbox 185 2078 273 2104; x_wconf 89' lang='lat' dir='ltr'>mus</span> <span class='ocrx_word' id='word_1_273' title='bbox 295 2070 460 2104; x_wconf 90' lang='lat' dir='ltr'>coctum.</span> <span class='ocrx_word' id='word_1_274' title='bbox 486 2067 570 2104; x_wconf 79' lang='lat' dir='ltr'>GE.</span> <span class='ocrx_word' id='word_1_275' title='bbox 602 2063 661 2103; x_wconf 89' lang='lat'>44</span> <span class='ocrx_word' id='word_1_276' title='bbox 679 2067 752 2104; x_wconf 79' lang='lat' dir='ltr'>sed</span> <span class='ocrx_word' id='word_1_277' title='bbox 769 2064 1059 2114; x_wconf 67' lang='lat' dir='ltr'>Ctesiphonem]</span> <span class='ocrx_word' id='word_1_278' title='bbox 1073 2063 1256 2115; x_wconf 87' lang='lat' dir='ltr'>Ctesipho</span> <span class='ocrx_word' id='word_1_279' title='bbox 1273 2064 1393 2102; x_wconf 86' lang='lat' dir='ltr'>frater</span> <span class='ocrx_word' id='word_1_280' title='bbox 1407 2065 1539 2103; x_wconf 88' lang='lat' dir='ltr'>iunior</span> 
     </span>
     <span class='ocr_line' id='line_1_33' title="bbox 187 2123 1537 2177; baseline 0 -15"><span class='ocrx_word' id='word_1_281' title='bbox 187 2132 268 2162; x_wconf 77' lang='lat' dir='ltr'>erat</span> <span class='ocrx_word' id='word_1_282' title='bbox 301 2124 502 2177; x_wconf 81' lang='lat' dir='ltr'>Aeschini,</span> <span class='ocrx_word' id='word_1_283' title='bbox 536 2124 582 2162; x_wconf 89' lang='lat' dir='ltr'>ad</span> <span class='ocrx_word' id='word_1_284' title='bbox 616 2125 727 2162; x_wconf 87' lang='lat' dir='ltr'>euius</span> <span class='ocrx_word' id='word_1_285' title='bbox 761 2135 859 2174; x_wconf 91' lang='lat' dir='ltr'>opus</span> <span class='ocrx_word' id='word_1_286' title='bbox 891 2123 1108 2161; x_wconf 83' lang='lat' dir='ltr'>Aeschinus</span> <span class='ocrx_word' id='word_1_287' title='bbox 1141 2127 1324 2173; x_wconf 87' lang='lat' dir='ltr'>rapuerat</span> <span class='ocrx_word' id='word_1_288' title='bbox 1355 2123 1537 2173; x_wconf 84' lang='lat' dir='ltr'>puellam.</span> 
     </span>
     <span class='ocr_line' id='line_1_34' title="bbox 187 2181 1536 2233; baseline -0.001 -12"><span class='ocrx_word' id='word_1_289' title='bbox 187 2196 304 2233; x_wconf 82' lang='lat' dir='ltr'>quem</span> <span class='ocrx_word' id='word_1_290' title='bbox 344 2183 475 2221; x_wconf 88' lang='lat' dir='ltr'>videre</span> <span class='ocrx_word' id='word_1_291' title='bbox 524 2195 564 2221; x_wconf 87' lang='lat' dir='ltr'>se</span> <span class='ocrx_word' id='word_1_292' title='bbox 613 2183 708 2221; x_wconf 85' lang='lat' dir='ltr'>dicit</span> <span class='ocrx_word' id='word_1_293' title='bbox 746 2183 866 2233; x_wconf 78' lang='lat' dir='ltr'>Syrus</span> <span class='ocrx_word' id='word_1_294' title='bbox 909 2182 1052 2220; x_wconf 89' lang='lat' dir='ltr'>laetum</span> <span class='ocrx_word' id='word_1_295' title='bbox 1095 2194 1141 2220; x_wconf 85' lang='lat' dir='ltr'>ex</span> <span class='ocrx_word' id='word_1_296' title='bbox 1175 2183 1297 2220; x_wconf 85' lang='lat' dir='ltr'>amica</span> <span class='ocrx_word' id='word_1_297' title='bbox 1330 2181 1405 2219; x_wconf 83' lang='lat' dir='ltr'>sihi</span> <span class='ocrx_word' id='word_1_298' title='bbox 1437 2181 1536 2220; x_wconf 89' lang='lat' dir='ltr'>data.</span> 
     </span>
    </p>
   </div>
   <div class='ocr_carea' id='block_1_5' title="bbox 354 2259 469 2261">
    <p class='ocr_par' dir='ltr' id='par_1_9' title="bbox 354 2259 469 2261">
     <span class='ocr_line' id='line_1_35' title="bbox 354 2259 469 2261; baseline 0 0"><span class='ocrx_word' id='word_1_299' title='bbox 354 2259 469 2261; x_wconf 95' lang='lat' dir='ltr'> </span> 
     </span>
    </p>
   </div>
   <div class='ocr_carea' id='block_1_6' title="bbox 184 2294 1538 2389">
    <p class='ocr_par' dir='ltr' id='par_1_10' title="bbox 184 2294 1538 2389">
     <span class='ocr_line' id='line_1_36' title="bbox 281 2294 1538 2341; baseline -0.001 -12"><span class='ocrx_word' id='word_1_300' title='bbox 281 2300 300 2329; x_wconf 87' lang='lat'><strong>3</strong></span> <span class='ocrx_word' id='word_1_301' title='bbox 327 2295 491 2341; x_wconf 84' lang='lat' dir='ltr'>vindico]</span> <span class='ocrx_word' id='word_1_302' title='bbox 512 2295 669 2330; x_wconf 77' lang='lat' dir='ltr'>vendico</span> <span class='ocrx_word' id='word_1_303' title='bbox 692 2296 728 2330; x_wconf 78' lang='lat' dir='ltr'>C.</span> <span class='ocrx_word' id='word_1_304' title='bbox 821 2299 865 2329; x_wconf 80' lang='lat'>26</span> <span class='ocrx_word' id='word_1_305' title='bbox 886 2295 1067 2341; x_wconf 75' lang='lat' dir='ltr'>mercatu]</span> <span class='ocrx_word' id='word_1_306' title='bbox 1088 2296 1256 2340; x_wconf 77' lang='lat' dir='ltr'>mergato</span> <span class='ocrx_word' id='word_1_307' title='bbox 1272 2295 1320 2329; x_wconf 88' lang='lat' dir='ltr'>D.</span> <span class='ocrx_word' id='word_1_308' title='bbox 1411 2297 1454 2329; x_wconf 86' lang='lat'>30</span> <span class='ocrx_word' id='word_1_309' title='bbox 1475 2294 1538 2328; x_wconf 74' lang='lat' dir='ltr'>de—</span> 
     </span>
     <span class='ocr_line' id='line_1_37' title="bbox 184 2343 634 2389; baseline 0.002 -13"><span class='ocrx_word' id='word_1_310' title='bbox 184 2343 329 2389; x_wconf 65' lang='lat' dir='ltr'>trudas]</span> <span class='ocrx_word' id='word_1_311' title='bbox 357 2343 522 2377; x_wconf 83' lang='lat' dir='ltr'>defrudis</span> <span class='ocrx_word' id='word_1_312' title='bbox 547 2343 634 2379; x_wconf 80' lang='lat' dir='ltr'>GE.</span> 
     </span>
    </p>
   </div>
  </div>
 </body>
</html>
