1681 2576
550 92 767 127 *Eunuchus
793 92 822 137 L·
842 95 860 125 1
881 92 948 136 —L
969 96 1000 128 2.
1401 94 1455 135 97

736 202 764 254 Ι,
791 201 827 240 2.

101 313 104 316 ,
200 271 303 310 Haec
335 275 521 312 meretrix
555 272 1054 323 cognoscens‘Phaedriam
1085 275 1251 312 nimium
1283 276 1454 325 graviter

110 331 261 383 tulisse7
293 331 395 382 quod
422 344 512 371 eum
538 332 584 371 ad
611 342 651 369 se
679 333 900 370 venientem
926 345 1004 370 non
1034 334 1262 385 recepisset,
1294 345 1453 384 egressa

111 404 131 428 a
159 390 272 428 domo
298 391 487 445 pergebat
512 391 558 430 ad
590 390 711 443 illum,
745 390 938 442 simulque
972 392 1065 429 1111111
1096 394 1183 444 iret,
1216 404 1350 431 secum
1380 395 1453 431 ista

110 448 353 499 loquebatur.
398 451 498 488 DM.
537 472 592 476 —
635 450 678 488 In
720 450 847 488 eundo
890 462 1024 488 secum
1065 450 1299 501 loquebatur
1337 448 1453 490 Thais
1505 461 1525 492 5

112 508 293 559 audiens,
326 508 427 558 quod
461 509 649 548 Phaedria
682 509 728 547 ad
761 521 850 548 eum
882 514 1058 561 venerat7
1091 510 1159 547 sed
1191 511 1275 548 non
1302 516 1361 549 est
1393 523 1454 549 re-

112 572 259 616 ceptus.
309 568 351 605 G.
414 566 439 605 2
473 568 680 617 aliorsum]
721 569 762 606 in
800 568 913 606 aliam
950 573 1102 619 partem
1139 570 1182 616 G,
1221 569 1294 607 alio
1334 561 1454 607 sensti

116 627 193 674 CI),
217 625 330 664 aliter
349 627 394 664 E.
432 624 460 664 4
480 626 622 676 tremo]
645 638 822 677 corpore.
862 626 1026 677 horreo]
1052 629 1191 665 animo.
1231 622 1371 665 horror
1394 634 1466 666 est.

109 684 377 723 membrorum
410 687 635 738 commotio7
665 686 773 729 ¹undo
806 685 1051 736 horripilatio
1084 686 1245 738 dicitur,
1277 699 1366 726 cum
1398 689 1453 724 vi-

108 742 252 782 delicet
282 743 352 794 pili
383 757 476 795 prae
508 746 647 783 timore
682 746 895 795 eriguntur.
953 745 1237 795 bono-animo]
1271 747 1453 784 ironicos.
1484 755 1525 786 10

109 799 136 841 5
152 795 302 842 aceede
316 803 406 853 ete]
426 805 628 855 antiquum
649 804 900 854 proverbium
915 808 985 842 est.
1012 802 1037 842 9
1052 803 1167 853 sane]
1184 817 1385 855 suspense.
1411 806 1453 844 G.

109 864 205 909 quia
226 874 319 901 vero
340 862 459 912 haec]
478 865 599 913 *quasi
618 868 720 914 tuae,
745 864 917 901 ironicos
939 868 977 900 et
995 863 1184 913 negando.
1226 861 1278 902 13
1300 864 1452 914 itidem]
1483 915 1486 918 y

111 921 302 960 similiter.
352 919 406 959 14
432 924 549 961 nihile·
571 922 806 973 penderem]
833 934 904 972 pro
931 921 1053 960 nihilo
1080 922 1264 960 ducerem
1296 922 1368 972 [Gl-
1389 923 1454 961 de-

109 980 319 1031 putarem]
379 978 432 1020 15
459 983 591 1019 anime
622 980 696 1030 ml]
731 982 926 1019 comicum
956 980 1118 1019 verbum
1151 986 1190 1019 et
1222 983 1453 1020 amatorium

111 1039 168 1088 [E
190 1041 290 1078 add:
327 1051 398 1090 pro
431 1052 507 1077 una
538 1044 647 1090 parte
681 1040 970 1092 accipiendum,
1008 1041 1116 1078 DM:
1148 1040 1452 1090 indeclinabile]
1483 1049 1524 1080 15

112 1096 165 1137 18
198 1110 305 1147 prae
336 1110 474 1137 amore
506 1098 693 1148 exclusit]
733 1100 806 1136 ista
839 1099 974 1150 Thais,
1009 1104 1052 1137 ut
1084 1098 1194 1137 illum
1225 1106 1453 1149 provocaret

108 1157 155 1195 ad
183 1168 367 1208 amorem⁷
393 1158 575 1195 ironicos.
616 1159 661 1195 I).
714 1157 907 1207 emelustz‘]
939 1163 982 1196 ut
1006 1157 1117 1210 illum
1143 1170 1378 1209 provocares
1406 1159 1452 1197 ad

107 1227 291 1261 amorem.
326 1217 380 1254 M.
424 1214 480 1254 21·
506 1216 678 1266 optume]
707 1218 876 1267 antique.
919 1215 973 1255 22
1002 1216 1228 1266 adstrinyo]
1253 1219 1454 1268 promitto,

109 1274 256 1313 adiuro,
314 1272 370 1314 25
397 1278 541 1324 plenus
572 1275 786 1325 rimarum]
821 1277 911 1326 quia
940 1288 1019 1313 non
1050 1288 1211 1326 possum
1240 1276 1333 1314 salsa
1360 1279 1453 1315 reti-

109 1346 202 1372 nere
239 1335 278 1372 in
318 1346 399 1386 me,
437 1340 476 1373 et
513 1339 573 1373 est
607 1334 871 1385 proverbium.
941 1332 997 1385 30
1035 1347 1087 1373 ecc
1120 1334 1272 1385 Attica]
1313 1348 1452 1386 epexe-
1480 1344 1524 1375 20

105 1395 212 1443 gosis
253 1392 334 1443 [Ms
372 1406 417 1431 ex
451 1393 641 1443 Athenis]
705 1391 760 1431 32
792 1396 909 1442 siqua
942 1393 1098 1443 cetera]
1138 1395 1310 1444 regionis
1349 1407 1452 1433 suae.

105 1449 164 1491 46
187 1455 342 1492 interea
362 1452 462 1502 loci]
490 1453 658 1506 interim.
710 1449 767 1491 50
786 1454 861 1491 leoe
882 1452 1007 1501 ayile]
1034 1457 1170 1491 tacete.
1215 1450 1272 1492 50
1291 1454 1451 1504 amabo]

107 1510 269 1549 verbum
303 1510 496 1550 comicu'm
529 1516 605 1563 est,
640 1511 876 1549 blandientis
908 1506 1090 1549 allectum
1122 1510 1287 1563 habens,
1321 1514 1451 1562 quasi:

107 1572 142 1608 si
174 1570 334 1622 feceris,
376 1571 478 1620 quod
510 1570 614 1621 volo,
655 1569 791 1608 amabo
824 1574 862 1607 te
902 1569 958 1619 [E
981 1572 1082 1609 add:
1120 1575 1186 1608 aut
1217 1570 1452 1623 ahsolutum,

107 1641 185 1668 non
212 1630 419 1680 requirens
446 1628 609 1678 casum]
654 1626 711 1667 54
733 1628 942 1678 producit]
969 1630 1008 1666 111
1029 1629 1166 1667 sorum.
1214 1628 1266 1668 72
1289 1630 1451 1668 audiens
1478 1639 1522 1669 ‘25

106 1687 296 1727 Phaedria
328 1688 402 1727 hoc
433 1690 555 1727 iratus
588 1687 684 1730 nihil
716 1687 930 1738 respoudit.
993 1685 1047 1727 74
1079 1690 1141 1727 vir
1173 1688 1230 1738 es]
1265 1689 1376 1727 sortis
1410 1702 1451 1727 es

106 1749 246 1786 animo.
311 1744 368 1787 84
399 1746 601 1797 claudier]
641 1748 823 1797 intercipi
856 1751 894 1784 et
926 1748 1130 1797 restringi,
1167 1748 1261 1797 quin
1295 1760 1452 1799 semper

107 1807 296 1858 facerem,
335 1819 432 1857 quae
465 1806 632 1845 voluisti.
692 1804 746 1845 89
779 1806 925 1855 minas]
960 1807 1063 1843 mina
1096 1811 1253 1844 centuni
1281 1807 1450 1857 dragmis

106 1864 353 1917 appenditur,
382 1866 418 1903 id
440 1870 499 1903 est
526 1865 661 1903 solidis
683 1866 820 1915 viginti
846 1870 884 1903 et
913 1864 1084 1903 denariis
1105 1864 1252 1903 deceni.
1296 1864 1349 1905 97
1371 1869 1451 1905 sin-

108 1924 219 1975 cere]
246 1936 343 1975 pure
369 1926 412 1976 G,
438 1937 535 1975 puro
562 1926 691 1963 animo
712 1925 759 1962 J).
798 1922 853 1963 98
874 1924 1062 1973 labascit]
1090 1923 1293 1962 mollescit.
1328 1923 1382 1964 99
1404 1926 1451 1963 ad
1479 1934 1523 1964 30

107 1983 198 2035 hoc,
237 1983 339 2034 quod
373 1985 455 2034 ipse
488 1984 603 2022 dixit:
635 1984 794 2022 utinam
833 1984 935 2021 istuc
966 1982 1129 2021 verbum
1161 1996 1206 2020 ox
1246 1985 1375 2021 animo
1409 1997 1450 2022 111·

107 2054 198 2080 vere
226 2042 390 2093 diceros,
423 2043 634 2093 respondet
659 2042 786 2080 Thais.
840 2038 924 2080 104
949 2043 1052 2080 m'loez'l
1075 2041 1228 2090 moror}
1264 2043 1321 2080 l'ac
1349 2043 1451 2093 quod

107 2103 176 2140 vis.
231 2099 313 2139 109
341 2101 420 2150 illi]
454 2102 658 2140 eunuchus
685 2106 723 2139 ct
754 2100 882 2152 puella
909 2100 1164 2150 Aetliiopissa.
1219 2099 1299 2139 111
1329 2108 1366 2141 e!
1392 2101 1451 2151 m]

107 2160 200 2199 vale.
261 2158 343 2198 112
373 2159 584 2210 praesens]
618 2172 792 2210 corporo.
844 2159 1003 2208 absens]
1037 2160 1176 2197 1111111111.
1237 2158 1319 2198 115
1352 2161 1452 2210 lota]

202 2289 222 2320 3
249 2297 333 2321 eum
358 2297 423 2321 om.
444 2285 493 2320 D.
590 2289 632 2319 21
661 2283 838 2331 regionis]
866 2283 1058 2329 religionis
1086 2284 1133 2320 D:
1228 2288 1271 2320 29
1299 2285 1454 2334 viginti]

107 2333 206 2367 XXX
232 2334 280 2378 E,
311 2333 343 2367 X
372 2334 414 2369 G.
726 2342 731 2347 '

178 2398 300 2426 Scholia
320 2399 512 2433 Terentiana,
532 2399 577 2425 ed.
599 2399 741 2425 Schloo.
1156 2408 1163 2424 1
