1681 2576
566 97 710 141 Hecyra
735 96 796 140 IV,
820 100 836 128 1
855 96 955 138 -V,
980 99 1010 130 1.
1382 95 1464 136 147

730 206 788 258 lv,
814 203 853 244 4.

205 285 422 336 Phidippus
454 286 631 334 increpat
662 282 782 321 filiam
815 294 926 320 suam
952 280 1235 334 Philumenam,
1267 282 1371 333 quod
1405 295 1468 321 ce-

86 338 88 340 *
118 344 256 383 laverit
288 345 323 382 ei
354 348 520 394 partum.
571 341 597 381 6
629 341 722 391 hoc]
756 346 917 392 propter
950 340 1053 391 quod
1080 340 1352 380 Philumenam
1378 341 1467 379 nolo

118 403 319 441 reducere.
372 401 396 441 8
429 405 558 440 minus
591 403 670 439 iam
703 400 797 450 quo]
832 401 1054 451 quominus,
1086 405 1130 438 ut
1161 412 1250 438 non.
1304 399 1355 439 11
1384 413 1466 439 mic-

119 464 216 500 tatio
249 460 314 510 lit]
361 461 399 498 id
439 465 498 498 est
538 464 712 498 mutatur
752 458 865 509 culpa
903 472 923 497 a
965 464 1031 497 tua
1074 471 1197 497 uxore
1239 459 1286 497 ad
1327 471 1465 498 meam.
1518 467 1538 498 5

120 519 173 558 12
206 519 341 569 quam]
376 523 574 570 quantum.
633 516 685 556 21
715 521 813 567 quid
837 517 1033 566 mulieris]
1068 517 1222 568 qualem
1248 518 1468 569 mulierem,

119 591 236 630 quam
266 590 501 629 pessumam.
550 575 604 615 22
637 576 851 626 moratam]
885 581 1153 627 temperatam.
1212 575 1266 615 23
1300 576 1466 626 celatos]

117 649 190 689 pro
219 636 347 675 celari.
394 635 446 675 27
476 639 631 675 alienus
653 635 776 685 puer]
805 635 965 674 alterius
992 634 1106 673 filius.
1153 634 1207 675 28
1235 639 1346 675 nulla
1374 648 1465 675 0072—

117 695 298 745 sultatio]
338 694 443 733 nulla
482 696 681 733 excusatio
728 700 765 733 et
807 699 1090 745 argumentum.
1145 694 1366 733 consultare
1408 700 1469 733 est

119 754 327 793 consilium
369 766 519 805 capere.
588 752 642 791 41
687 753 910 802 delincmzt]
948 758 1124 804 peccant.
1175 751 1231 793 46
1274 753 1465 803 ridicule]
1496 762 1538 792 10

118 813 301 864 loqueris
366 810 421 852 47
464 812 635 862 seilicet]
684 813 853 863 graviter
894 812 1108 868 legendum
1143 814 1187 850 E.
1245 809 1302 851 54
1341 812 1467 863 quod]
1491 808 1562 858 [Aa.
1577 805 1636 855 ’1Ιᾶ

117 877 278 923 propter
310 871 425 922 quod.
477 870 530 911 61
559 871 655 921 leue]
690 872 736 909 ad
768 883 896 909 meam
922 871 1172 910 voluntatem.
1226 870 1278 910 72
1314 871 1467 922 testem]

119 936 207 969 tuae
240 930 426 968 libidinis.
474 928 529 970 80
562 929 782 979 concludit]
811 935 1001 980 angustat.
1054 928 1107 969 81
1137 929 1317 980 quando]
1346 932 1468 981 siqui-

119 990 217 1028 dem.
267 1001 481 1039 promoveo
515 988 681 1039 parum]
715 990 877 1040 proficio
920 990 959 1026 i11
1000 1002 1086 1027 mea
1126 991 1276 1027 ratione
1317 1001 1467 1040 parum.

119 1047 173 1087 82
202 1047 351 1097 tollent]
380 1049 566 1086 nutrient.
618 1046 674 1087 84
700 1047 805 1097 leem]
834 1048 1049 1086 irascendo.
1097 1046 1149 1087 87
1177 1047 1270 1097 hoc]
1299 1049 1468 1099 ineptias
1497 1056 1539 1087 15

118 1108 233 1145 istius
272 1112 309 1144 et.
348 1107 561 1145 stultitiam.
625 1105 679 1145 89
717 1106 953 1156 propterea]
994 1108 1084 1157 quia
1126 1112 1204 1145 tam
1246 1107 1367 1145 durus
1409 1113 1469 1145 est

116 1165 353 1216 Pamphilus,
405 1164 458 1205 97
493 1168 565 1205 eho
590 1165 716 1215 puer]
750 1171 861 1203 vocat
891 1177 1014 1203 unum
1047 1178 1066 1203 e
1099 1167 1244 1216 pueris.

738 1294 779 1346 v,
808 1292 842 1332 1.

207 1370 444 1409 Perveniens
475 1383 585 1421 puer,
619 1383 734 1422 quem
766 1370 914 1409 Laches
947 1372 1109 1409 miserat
1141 1371 1187 1410 ad
1220 1371 1466 1424 Bacchidem,

118 1429 270 1468 rettulit
302 1430 350 1481 ei,
382 1430 486 1480 quod
511 1429 660 1468 Laches
686 1429 904 1468 mandabat.
950 1435 1044 1468 tunc
1070 1431 1200 1480 inquit
1224 1429 1387 1469 Bacchis
1409 1432 1463 1470 M.
1494 1440 1539 1470 20

121 1488 141 1526 1
178 1490 227 1527 de
258 1488 399 1538 nihilo]
434 1490 517 1526 sine
551 1501 677 1527 causa.
733 1486 762 1526 4
793 1488 938 1538 salius]
972 1488 1123 1527 melius,
1176 1488 1201 1528 6
1234 1501 1314 1528 non
1346 1490 1465 1539 nihil]

119 1547 187 1585 sed
219 1546 366 1597 aliquid
387 1546 447 1585 vel
473 1547 650 1586 multum.
701 1545 726 1586 9
753 1547 926 1597 quaesti]
954 1547 1053 1586 lucri
1080 1549 1314 1600 meretricis,
1341 1560 1467 1587 mere-

118 1607 344 1644 tricationis.
373 1603 536 1656 9lulorj
549 1606 725 1657 dispono.
749 1604 801 1644 12
818 1606 992 1656 adcuro]
1008 1607 1204 1657 provideo
1229 1604 1284 1645 14
1297 1607 1465 1657 offerre]

117 1676 188 1715 pro
215 1664 372 1702 inferre.
419 1663 472 1703 15
494 1667 543 1704 de
569 1668 670 1704 istac
696 1665 758 1714 re]
793 1665 897 1715 quod
929 1670 1007 1703 tam
1040 1665 1181 1704 leniter
1207 1678 1269 1703 me
1295 1665 1467 1716 alloque-

118 1724 183 1761 ris.
243 1721 296 1762 19
328 1723 461 1773 mane]
495 1723 617 1762 voluit
653 1724 717 1762 illa
755 1724 979 1775 interloqui.
1037 1723 1089 1762 21
1123 1727 1199 1764 hoc
1231 1727 1363 1764 animo
1390 1728 1469 1764 erit
1494 1732 1539 1763 25

118 1781 306 1831 aetatem]
339 1782 605 1832 perseverabit
636 1785 676 1821 in
709 1785 949 1821 meretrices.
1001 1786 1077 1822 ista
1109 1783 1258 1833 aeteae!
1293 1784 1467 1835 iuvenili,

119 1853 161 1878 ac
193 1852 264 1891 per
295 1840 368 1879 hoc
401 1853 544 1891 quaere
577 1841 649 1879 tibi
674 1843 814 1894 virum,
846 1843 913 1892 qui
947 1847 983 1880 te
1017 1854 1094 1880 non
1121 1842 1286 1880 deserat.
1333 1841 1385 1881 27
1414 1845 1465 1882 le-

113 1898 232 1949 pida]
272 1899 452 1951 honesta,
490 1900 668 1939 iucunda.
727 1899 781 1939 29
821 1904 937 1950 exple
974 1904 1149 1940 anim-um
1191 1901 1264 1950 eis]
1310 1902 1467 1939 satisfac

120 1959 249 1996 animo
282 1957 463 1996 illorum.‘
501 1957 553 1997 31
587 1972 629 1998 se
655 1959 899 2008 ostenderet]
928 1972 969 1997 se
997 1965 1213 1998 excusaret.
1266 1958 1320 1998 33
1348 1963 1465 1999 lerio—

120 2016 221 2066 rem]
256 2016 445 2055 viliorem.
503 2016 558 2056 35
592 2018 775 2068 facilem]
810 2018 948 2056 lenem.
1001 2016 1055 2056 38
1090 2025 1131 2057 ul
1163 2021 1217 2057 sis
1243 2018 1389 2067 porro]
1424 2025 1467 2057 ut
1493 2026 1537 2056 30

119 2088 349 2126 perseveres
370 2077 409 2113 111
431 2081 494 2114 tua
516 2079 787 2127 promissione.
828 2075 882 2115 39
904 2079 1023 2116 aliler
1042 2080 1079 2115 si
1094 2076 1244 2126 facies]
1267 2077 1466 2129 affligeris,

120 2140 154 2172 et
190 2140 250 2172 cst
281 2133 448 2184 eclipsis.

215 2287 234 2317 0
261 2282 487 2329 consultare]
515 2283 707 2318 consulare
727 2284 818 2318 DE.
907 2287 949 2318 15
975 2283 1154 2329 nutrient]
1182 2282 1351 2318 nutriunt
1370 2284 1462 2319 DE.

122 2334 164 2365 16
190 2330 398 2376 stultitiam]
425 2329 602 2365 duritiam
631 2330 665 2366 C.

1113 2389 1180 2423 10*
