1681 2576
203 141 260 182 50
517 145 535 183 ξ
556 144 587 175 8.
626 141 679 175 De
705 140 815 175 tertio
842 140 1065 175 scholiorum
1090 151 1233 186 genere.

205 250 482 289 delitescerent
507 250 622 289 nulla.
667 250 773 289 Hanc
801 253 1024 302 opinionem
1052 250 1258 289 sustulisse
1283 251 1378 289 mihi
1399 251 1544 290 videor.

206 310 292 347 Sint
324 322 415 347 sane
449 308 596 360 aliquot
628 311 858 348 recentioris
891 311 1040 362 aetatis,
1073 311 1196 347 maior
1229 315 1333 348 certe
1360 322 1450 360 pars
1477 323 1544 348 an-

207 369 311 418 tiqua
352 367 529 405 habenda
570 372 640 405 est.
703 367 749 406 Ei
781 370 839 406 rei
870 369 1095 406 testimonio
1128 374 1203 419 est,
1234 369 1404 418 primum
1440 368 1543 419 quod

204 426 324 464 multa
357 426 502 464 scholia
535 438 624 464 cum
656 428 827 477 antiquis
862 426 1063 477 glossariis
1096 428 1364 478 consentiunt,
1403 426 1543 465 deinde

206 484 308 535 quod
349 484 483 522 eadem
523 484 668 523 scholia
706 487 747 523 in
787 485 968 524 omnibus
1000 486 1080 524 fere
1120 487 1290 536 antiquis
1328 485 1439 524 libris
1471 485 1543 523 Te-

205 544 392 581 rentianis
432 549 654 582 occurrunt.
717 543 792 589 Qui
830 545 933 581 enim
971 544 1058 582 fieri
1094 546 1238 595 potuit,
1269 550 1312 583 ut
1348 549 1427 582 tam
1465 543 1545 595 diu7

207 608 283 639 tani
309 606 545 654 constanter,
576 608 655 640 tam
682 602 864 652 religiose
892 607 1153 654 servarentur,
1185 604 1263 640 nisi
1288 609 1449 654 propter
1478 615 1543 641 an-

204 661 427 711 tiquitatem
468 660 584 711 digna
625 660 806 699 omnibus
847 662 928 699 visa
967 666 1114 712 essent,
1159 674 1256 711 quae
1294 674 1372 699 non
1413 662 1544 699 minus

206 725 337 757 sancte
372 731 486 769 quam
518 721 602 769 ipsa
634 724 770 769 poetae
797 718 915 757 verba
947 719 1121 757 colerent
1152 732 1194 757 ac
1227 720 1438 758 memoriae
1467 724 1545 757 tra-

205 777 354 816 derent.
393 777 532 822 'Quare
560 778 741 828 equidem
768 790 845 816 non
873 777 1020 830 dubito,
1052 779 1148 828 quin
1169 778 1313 816 scholia
1341 790 1387 816 ex
1409 778 1545 816 eadem

204 837 469 874 vetustissima
495 835 639 874 familia
665 842 780 886 atque
807 837 891 887 ipse
917 841 1046 875 textus
1072 836 1263 875 librorum
1283 836 1353 874 DG
1379 837 1545 875 oriunda

205 896 294 932 sint.
346 894 553 932 Terentius
588 896 692 932 enim
718 896 794 932 iam
827 896 965 945 primis
991 895 1234 946 temporibus
1261 908 1281 933 a
1307 896 1440 946 pueris
1467 895 1545 946 legi

207 952 353 991 solebat
388 948 453 1006 (cf.
482 952 560 991 Sid.
593 954 661 1004 Ap.
695 966 752 1004 ep.
780 953 839 1005 IV,
861 949 948 1007 12),
987 959 1101 1005 atque
1139 956 1268 1005 prisca
1300 956 1384 992 eius
1421 955 1544 992 oratio

206 1013 289 1049 sine
318 1013 597 1050 commentario
619 1011 795 1062 intellegi
820 1024 899 1050 non
919 1016 1081 1063 poterat.
1125 1012 1264 1050 Donati
1285 1018 1414 1051 autem
1441 1024 1544 1050 com-

203 1071 418 1108 mentarius
452 1070 604 1108 doctior
636 1076 736 1122 erat,
769 1083 884 1121 quam
916 1075 959 1109 ut
989 1072 1124 1121 pueris
1157 1076 1268 1122 aptus
1302 1075 1417 1122 esset⁷
1449 1082 1544 1121 quo-

203 1140 291 1167 rum
324 1130 413 1167 usui
439 1129 630 1167 editiones
663 1129 848 1167 brevibus
879 1128 1124 1180 glossematis
1156 1131 1371 1168 instructae
1403 1128 1545 1168 melius

205 1186 435 1225 serviebant.
497 1187 554 1225 Ex
591 1187 659 1226 tali
697 1188 868 1226 editione
906 1187 998 1226 libri
1029 1188 1100 1226 DG
1132 1201 1221 1226 cum
1259 1188 1417 1226 scholiis
1455 1199 1544 1238 pro-

202 1246 295 1283 fecti
329 1257 413 1284 esse
447 1246 638 1285 videntur.
