<?xml version="1.0" encoding="UTF-8"?>
<!DOCTYPE html PUBLIC "-//W3C//DTD XHTML 1.0 Transitional//EN"
    "http://www.w3.org/TR/xhtml1/DTD/xhtml1-transitional.dtd">
<html xmlns="http://www.w3.org/1999/xhtml" xml:lang="en" lang="en">
 <head>
  <title>
</title>
<meta http-equiv="Content-Type" content="text/html;charset=utf-8" />
  <meta name='ocr-system' content='tesseract 3.04.00' />
  <meta name='ocr-capabilities' content='ocr_page ocr_carea ocr_par ocr_line ocrx_word'/>
</head>
<body>
  <div class='ocr_page' id='page_1' title='image "./scholiaterentian00schluoft_0075.png"; bbox 0 0 1681 2576; ppageno 0'>
   <div class='ocr_carea' id='block_1_1' title="bbox 563 77 1449 123">
    <p class='ocr_par' dir='ltr' id='par_1_1' title="bbox 563 77 1449 123">
     <span class='ocr_line' id='line_1_1' title="bbox 563 77 1449 123; baseline 0.006 -11"><span class='ocrx_word' id='word_1_1' title='bbox 563 82 595 114; x_wconf 84' lang='lat'>4.</span> <span class='ocrx_word' id='word_1_2' title='bbox 635 78 692 112; x_wconf 90' lang='lat' dir='ltr'>Ad</span> <span class='ocrx_word' id='word_1_3' title='bbox 716 77 987 114; x_wconf 85' lang='lat' dir='ltr'>Phormionem.</span> <span class='ocrx_word' id='word_1_4' title='bbox 1394 82 1449 123; x_wconf 81' lang='grc'>63</span> 
     </span>
    </p>
   </div>
   <div class='ocr_carea' id='block_1_2' title="bbox 80 188 1449 2360">
    <p class='ocr_par' dir='ltr' id='par_1_2' title="bbox 104 188 1449 301">
     <span class='ocr_line' id='line_1_2' title="bbox 106 188 1449 240; baseline 0.002 -13"><span class='ocrx_word' id='word_1_5' title='bbox 106 191 327 228; x_wconf 87' lang='lat' dir='ltr'>eommunia</span> <span class='ocrx_word' id='word_1_6' title='bbox 360 190 629 240; x_wconf 76' lang='lat' dir='ltr'>inveniuntur,</span> <span class='ocrx_word' id='word_1_7' title='bbox 661 193 704 226; x_wconf 90' lang='lat' dir='ltr'>ut</span> <span class='ocrx_word' id='word_1_8' title='bbox 735 188 958 227; x_wconf 76' lang='lat' dir='ltr'>Priscianus</span> <span class='ocrx_word' id='word_1_9' title='bbox 992 190 1031 227; x_wconf 93' lang='lat' dir='ltr'>in</span> <span class='ocrx_word' id='word_1_10' title='bbox 1063 189 1079 227; x_wconf 94' lang='grc' dir='ltr'>Ι</span> <span class='ocrx_word' id='word_1_11' title='bbox 1111 189 1210 228; x_wconf 87' lang='lat' dir='ltr'>libro</span> <span class='ocrx_word' id='word_1_12' title='bbox 1244 191 1352 229; x_wconf 77' lang='lat' dir='ltr'>verbi</span> <span class='ocrx_word' id='word_1_13' title='bbox 1385 192 1449 230; x_wconf 89' lang='lat' dir='ltr'>de-</span> 
     </span>
     <span class='ocr_line' id='line_1_3' title="bbox 104 245 580 301; baseline -0.002 -15"><span class='ocrx_word' id='word_1_14' title='bbox 104 248 223 286; x_wconf 77' lang='lat' dir='ltr'>clarat</span> <span class='ocrx_word' id='word_1_15' title='bbox 255 247 300 301; x_wconf 85' lang='lat' dir='ltr'>[I,</span> <span class='ocrx_word' id='word_1_16' title='bbox 327 246 441 298; x_wconf 88' lang='grc'>399]</span> <span class='ocrx_word' id='word_1_17' title='bbox 490 245 580 286; x_wconf 79' lang='lat' dir='ltr'>GE.</span> 
     </span>
    </p>

    <p class='ocr_par' dir='ltr' id='par_1_3' title="bbox 80 302 1449 416">
     <span class='ocr_line' id='line_1_4' title="bbox 80 302 1449 359; baseline 0.003 -15"><span class='ocrx_word' id='word_1_18' title='bbox 80 302 81 305; x_wconf 54' lang='lat'>&#39;</span> <span class='ocrx_word' id='word_1_19' title='bbox 192 306 346 345; x_wconf 89' lang='lat' dir='ltr'>Phorm.</span> <span class='ocrx_word' id='word_1_20' title='bbox 366 306 411 358; x_wconf 93' lang='lat' dir='ltr'>II,</span> <span class='ocrx_word' id='word_1_21' title='bbox 434 304 470 358; x_wconf 91' lang='lat'>1,</span> <span class='ocrx_word' id='word_1_22' title='bbox 492 305 545 345; x_wconf 91' lang='grc'>18</span> <span class='ocrx_word' id='word_1_23' title='bbox 578 305 787 355; x_wconf 74' lang='lat' dir='ltr'>meditata]</span> <span class='ocrx_word' id='word_1_24' title='bbox 820 307 972 356; x_wconf 76' lang='lat' dir='ltr'>passive</span> <span class='ocrx_word' id='word_1_25' title='bbox 1011 306 1117 359; x_wconf 82' lang='lat' dir='ltr'>dicit,</span> <span class='ocrx_word' id='word_1_26' title='bbox 1150 308 1252 358; x_wconf 88' lang='lat' dir='ltr'>quod</span> <span class='ocrx_word' id='word_1_27' title='bbox 1284 308 1449 348; x_wconf 84' lang='lat' dir='ltr'>Priscia-</span> 
     </span>
     <span class='ocr_line' id='line_1_5' title="bbox 104 363 1082 416; baseline 0.001 -13"><span class='ocrx_word' id='word_1_28' title='bbox 104 377 177 404; x_wconf 89' lang='lat' dir='ltr'>nus</span> <span class='ocrx_word' id='word_1_29' title='bbox 211 366 382 404; x_wconf 80' lang='lat' dir='ltr'>ostendit</span> <span class='ocrx_word' id='word_1_30' title='bbox 412 367 452 403; x_wconf 92' lang='lat' dir='ltr'>in</span> <span class='ocrx_word' id='word_1_31' title='bbox 483 364 500 403; x_wconf 96' lang='lat' dir='ltr'>I</span> <span class='ocrx_word' id='word_1_32' title='bbox 531 364 631 402; x_wconf 87' lang='lat' dir='ltr'>libro</span> <span class='ocrx_word' id='word_1_33' title='bbox 663 363 773 402; x_wconf 71' lang='lat' dir='ltr'>verbi</span> <span class='ocrx_word' id='word_1_34' title='bbox 806 364 850 416; x_wconf 96' lang='grc'>[1,</span> <span class='ocrx_word' id='word_1_35' title='bbox 877 363 992 414; x_wconf 78' lang='grc'>385]</span> <span class='ocrx_word' id='word_1_36' title='bbox 1037 367 1082 404; x_wconf 90' lang='lat' dir='ltr'>E.</span> 
     </span>
    </p>

    <p class='ocr_par' dir='ltr' id='par_1_4' title="bbox 103 421 1447 534">
     <span class='ocr_line' id='line_1_6' title="bbox 192 421 1447 476; baseline 0.002 -14"><span class='ocrx_word' id='word_1_37' title='bbox 192 447 247 451; x_wconf 97' lang='lat'><strong>—</strong></span> <span class='ocrx_word' id='word_1_38' title='bbox 273 424 319 476; x_wconf 93' lang='lat' dir='ltr'>II,</span> <span class='ocrx_word' id='word_1_39' title='bbox 345 423 383 475; x_wconf 91' lang='grc'>2,</span> <span class='ocrx_word' id='word_1_40' title='bbox 411 421 466 462; x_wconf 85' lang='grc'>14</span> <span class='ocrx_word' id='word_1_41' title='bbox 491 422 586 473; x_wconf 80' lang='lat' dir='ltr'>quo]</span> <span class='ocrx_word' id='word_1_42' title='bbox 614 435 684 474; x_wconf 88' lang='lat' dir='ltr'>pro</span> <span class='ocrx_word' id='word_1_43' title='bbox 712 428 854 473; x_wconf 89' lang='lat' dir='ltr'>quanto</span> <span class='ocrx_word' id='word_1_44' title='bbox 882 423 1012 462; x_wconf 84' lang='lat' dir='ltr'>dicere</span> <span class='ocrx_word' id='word_1_45' title='bbox 1037 424 1264 464; x_wconf 86' lang='lat' dir='ltr'>Terentium</span> <span class='ocrx_word' id='word_1_46' title='bbox 1291 428 1330 464; x_wconf 93' lang='lat' dir='ltr'>in</span> <span class='ocrx_word' id='word_1_47' title='bbox 1358 440 1447 466; x_wconf 86' lang='lat' dir='ltr'>con-</span> 
     </span>
     <span class='ocr_line' id='line_1_7' title="bbox 103 480 868 534; baseline 0 -13"><span class='ocrx_word' id='word_1_48' title='bbox 103 484 318 521; x_wconf 86' lang='lat' dir='ltr'>structione</span> <span class='ocrx_word' id='word_1_49' title='bbox 351 482 537 521; x_wconf 87' lang='lat' dir='ltr'>doeemur</span> <span class='ocrx_word' id='word_1_50' title='bbox 571 482 633 534; x_wconf 92' lang='lat' dir='ltr'>[II,</span> <span class='ocrx_word' id='word_1_51' title='bbox 662 480 775 531; x_wconf 74' lang='grc'>137]</span> <span class='ocrx_word' id='word_1_52' title='bbox 822 483 868 521; x_wconf 84' lang='grc' dir='ltr'>Ε.</span> 
     </span>
    </p>

    <p class='ocr_par' dir='ltr' id='par_1_5' title="bbox 99 539 1448 828">
     <span class='ocr_line' id='line_1_8' title="bbox 191 539 1448 593; baseline 0.003 -14"><span class='ocrx_word' id='word_1_53' title='bbox 191 564 244 567; x_wconf 89' lang='grc'>-</span> <span class='ocrx_word' id='word_1_54' title='bbox 278 541 323 593; x_wconf 92' lang='grc' dir='ltr'>ΙΙ,</span> <span class='ocrx_word' id='word_1_55' title='bbox 350 540 387 593; x_wconf 92' lang='grc'>2,</span> <span class='ocrx_word' id='word_1_56' title='bbox 415 539 469 580; x_wconf 88' lang='grc'>29</span> <span class='ocrx_word' id='word_1_57' title='bbox 503 540 767 591; x_wconf 70' lang='lat' dir='ltr'>potissimmn]</span> <span class='ocrx_word' id='word_1_58' title='bbox 808 541 899 579; x_wconf 87' lang='lat' dir='ltr'>facit</span> <span class='ocrx_word' id='word_1_59' title='bbox 939 544 1245 593; x_wconf 78' lang='lat' dir='ltr'>comparativum</span> <span class='ocrx_word' id='word_1_60' title='bbox 1285 544 1448 583; x_wconf 69' lang='lat' dir='ltr'>verbum</span> 
     </span>
     <span class='ocr_line' id='line_1_9' title="bbox 101 600 1446 653; baseline 0.003 -15"><span class='ocrx_word' id='word_1_61' title='bbox 101 601 230 651; x_wconf 86' lang='lat' dir='ltr'>potior</span> <span class='ocrx_word' id='word_1_62' title='bbox 261 601 418 651; x_wconf 85' lang='lat' dir='ltr'>potiris:</span> <span class='ocrx_word' id='word_1_63' title='bbox 462 600 526 638; x_wconf 86' lang='lat' dir='ltr'>hie</span> <span class='ocrx_word' id='word_1_64' title='bbox 559 605 596 637; x_wconf 88' lang='lat' dir='ltr'>et.</span> <span class='ocrx_word' id='word_1_65' title='bbox 627 600 720 638; x_wconf 85' lang='lat' dir='ltr'>haec</span> <span class='ocrx_word' id='word_1_66' title='bbox 754 601 895 652; x_wconf 83' lang='lat' dir='ltr'>potior,</span> <span class='ocrx_word' id='word_1_67' title='bbox 927 600 1000 639; x_wconf 88' lang='lat' dir='ltr'>hoc</span> <span class='ocrx_word' id='word_1_68' title='bbox 1031 602 1172 652; x_wconf 80' lang='lat' dir='ltr'>potius.</span> <span class='ocrx_word' id='word_1_69' title='bbox 1217 605 1446 653; x_wconf 84' lang='lat' dir='ltr'>potissimus</span> 
     </span>
     <span class='ocr_line' id='line_1_10' title="bbox 102 658 1446 713; baseline 0.002 -16"><span class='ocrx_word' id='word_1_70' title='bbox 102 658 372 710; x_wconf 74' lang='lat' dir='ltr'>superlativus.</span> <span class='ocrx_word' id='word_1_71' title='bbox 405 664 536 710; x_wconf 83' lang='lat' dir='ltr'>potest</span> <span class='ocrx_word' id='word_1_72' title='bbox 561 663 691 697; x_wconf 83' lang='lat' dir='ltr'>tamen</span> <span class='ocrx_word' id='word_1_73' title='bbox 718 658 789 696; x_wconf 85' lang='lat' dir='ltr'>hoe</span> <span class='ocrx_word' id='word_1_74' title='bbox 811 671 831 696; x_wconf 94' lang='lat' dir='ltr'>a</span> <span class='ocrx_word' id='word_1_75' title='bbox 851 660 1009 697; x_wconf 89' lang='lat' dir='ltr'>nomine</span> <span class='ocrx_word' id='word_1_76' title='bbox 1032 662 1135 710; x_wconf 90' lang='lat' dir='ltr'>potis</span> <span class='ocrx_word' id='word_1_77' title='bbox 1156 662 1293 713; x_wconf 75' lang='lat' dir='ltr'>accipi,</span> <span class='ocrx_word' id='word_1_78' title='bbox 1314 674 1446 712; x_wconf 89' lang='lat' dir='ltr'>quam-</span> 
     </span>
     <span class='ocr_line' id='line_1_11' title="bbox 99 717 1446 768; baseline 0.003 -13"><span class='ocrx_word' id='word_1_79' title='bbox 99 719 156 756; x_wconf 76' lang='lat' dir='ltr'>vis</span> <span class='ocrx_word' id='word_1_80' title='bbox 204 718 436 768; x_wconf 85' lang='lat' dir='ltr'>significatio</span> <span class='ocrx_word' id='word_1_81' title='bbox 483 717 556 756; x_wconf 90' lang='lat' dir='ltr'>alia</span> <span class='ocrx_word' id='word_1_82' title='bbox 603 729 688 755; x_wconf 83' lang='lat' dir='ltr'>esse</span> <span class='ocrx_word' id='word_1_83' title='bbox 732 718 910 756; x_wconf 64' lang='lat' dir='ltr'>videatur</span> <span class='ocrx_word' id='word_1_84' title='bbox 950 719 1166 757; x_wconf 86' lang='lat' dir='ltr'>seeundum</span> <span class='ocrx_word' id='word_1_85' title='bbox 1202 719 1446 759; x_wconf 84' lang='lat' dir='ltr'>Priscianum</span> 
     </span>
     <span class='ocr_line' id='line_1_12' title="bbox 99 774 346 828; baseline 0.004 -14"><span class='ocrx_word' id='word_1_86' title='bbox 99 776 144 828; x_wconf 89' lang='grc'>[1,</span> <span class='ocrx_word' id='word_1_87' title='bbox 171 774 256 826; x_wconf 83' lang='grc'>84]</span> <span class='ocrx_word' id='word_1_88' title='bbox 301 778 346 816; x_wconf 90' lang='lat' dir='ltr'>E.</span> 
     </span>
    </p>

    <p class='ocr_par' dir='ltr' id='par_1_6' title="bbox 99 834 1445 1005">
     <span class='ocr_line' id='line_1_13' title="bbox 189 834 1444 889; baseline 0.002 -15"><span class='ocrx_word' id='word_1_89' title='bbox 189 858 242 861; x_wconf 97' lang='lat'><strong>—</strong></span> <span class='ocrx_word' id='word_1_90' title='bbox 269 836 315 888; x_wconf 92' lang='grc' dir='ltr'>ΙΙ,</span> <span class='ocrx_word' id='word_1_91' title='bbox 342 834 380 888; x_wconf 89' lang='grc'>3,</span> <span class='ocrx_word' id='word_1_92' title='bbox 408 834 460 875; x_wconf 82' lang='grc'>27</span> <span class='ocrx_word' id='word_1_93' title='bbox 495 834 696 885; x_wconf 74' lang='lat' dir='ltr'>extortor]</span> <span class='ocrx_word' id='word_1_94' title='bbox 724 848 744 873; x_wconf 90' lang='lat' dir='ltr'>a</span> <span class='ocrx_word' id='word_1_95' title='bbox 771 835 889 873; x_wconf 79' lang='lat' dir='ltr'>verbo</span> <span class='ocrx_word' id='word_1_96' title='bbox 918 841 1093 889; x_wconf 86' lang='lat' dir='ltr'>torqueo,</span> <span class='ocrx_word' id='word_1_97' title='bbox 1125 839 1234 889; x_wconf 87' lang='lat' dir='ltr'>torsi,</span> <span class='ocrx_word' id='word_1_98' title='bbox 1275 843 1444 877; x_wconf 84' lang='lat' dir='ltr'>tortores</span> 
     </span>
     <span class='ocr_line' id='line_1_14' title="bbox 99 894 1445 945; baseline 0.003 -13"><span class='ocrx_word' id='word_1_99' title='bbox 99 900 137 932; x_wconf 82' lang='lat' dir='ltr'>et</span> <span class='ocrx_word' id='word_1_100' title='bbox 169 900 342 934; x_wconf 88' lang='lat' dir='ltr'>torsores</span> <span class='ocrx_word' id='word_1_101' title='bbox 376 900 585 945; x_wconf 82' lang='lat' dir='ltr'>utrumque</span> <span class='ocrx_word' id='word_1_102' title='bbox 618 894 774 945; x_wconf 84' lang='lat' dir='ltr'>dicitur,</span> <span class='ocrx_word' id='word_1_103' title='bbox 811 894 913 945; x_wconf 89' lang='lat' dir='ltr'>quod</span> <span class='ocrx_word' id='word_1_104' title='bbox 945 894 1170 934; x_wconf 78' lang='lat' dir='ltr'>Priscianus</span> <span class='ocrx_word' id='word_1_105' title='bbox 1203 896 1371 936; x_wconf 79' lang='lat' dir='ltr'>declarat</span> <span class='ocrx_word' id='word_1_106' title='bbox 1404 899 1445 936; x_wconf 92' lang='lat' dir='ltr'>in</span> 
     </span>
     <span class='ocr_line' id='line_1_15' title="bbox 99 950 855 1005; baseline 0 -14"><span class='ocrx_word' id='word_1_107' title='bbox 99 954 271 992; x_wconf 83' lang='lat' dir='ltr'>secundo</span> <span class='ocrx_word' id='word_1_108' title='bbox 303 954 403 992; x_wconf 87' lang='lat' dir='ltr'>libro</span> <span class='ocrx_word' id='word_1_109' title='bbox 435 953 545 992; x_wconf 71' lang='lat' dir='ltr'>verbi</span> <span class='ocrx_word' id='word_1_110' title='bbox 578 952 622 1005; x_wconf 92' lang='grc'>[1,</span> <span class='ocrx_word' id='word_1_111' title='bbox 647 950 764 1003; x_wconf 78' lang='grc'>487]</span> <span class='ocrx_word' id='word_1_112' title='bbox 810 955 855 991; x_wconf 84' lang='grc' dir='ltr'>Ε.</span> 
     </span>
    </p>

    <p class='ocr_par' dir='ltr' id='par_1_7' title="bbox 96 1011 1443 1181">
     <span class='ocr_line' id='line_1_16' title="bbox 187 1011 1443 1065; baseline 0.002 -15"><span class='ocrx_word' id='word_1_113' title='bbox 187 1035 240 1038; x_wconf 88' lang='grc'>-</span> <span class='ocrx_word' id='word_1_114' title='bbox 267 1012 313 1065; x_wconf 94' lang='lat' dir='ltr'>II,</span> <span class='ocrx_word' id='word_1_115' title='bbox 340 1011 377 1064; x_wconf 88' lang='grc'>3,</span> <span class='ocrx_word' id='word_1_116' title='bbox 402 1011 455 1052; x_wconf 88' lang='grc'>82</span> <span class='ocrx_word' id='word_1_117' title='bbox 489 1011 653 1062; x_wconf 74' lang='lat' dir='ltr'>habent]</span> <span class='ocrx_word' id='word_1_118' title='bbox 681 1012 720 1050; x_wconf 93' lang='lat' dir='ltr'>id</span> <span class='ocrx_word' id='word_1_119' title='bbox 747 1017 806 1050; x_wconf 84' lang='lat' dir='ltr'>est</span> <span class='ocrx_word' id='word_1_120' title='bbox 833 1018 933 1050; x_wconf 87' lang='lat' dir='ltr'>sunt.</span> <span class='ocrx_word' id='word_1_121' title='bbox 972 1025 1062 1050; x_wconf 89' lang='lat' dir='ltr'>nam</span> <span class='ocrx_word' id='word_1_122' title='bbox 1088 1013 1231 1052; x_wconf 82' lang='lat' dir='ltr'>habere</span> <span class='ocrx_word' id='word_1_123' title='bbox 1258 1027 1328 1064; x_wconf 87' lang='lat' dir='ltr'>pro</span> <span class='ocrx_word' id='word_1_124' title='bbox 1356 1028 1443 1054; x_wconf 83' lang='lat' dir='ltr'>csse</span> 
     </span>
     <span class='ocr_line' id='line_1_17' title="bbox 96 1070 1443 1122; baseline 0.003 -14"><span class='ocrx_word' id='word_1_125' title='bbox 96 1071 295 1110; x_wconf 86' lang='lat' dir='ltr'>interdum</span> <span class='ocrx_word' id='word_1_126' title='bbox 332 1072 492 1122; x_wconf 87' lang='lat' dir='ltr'>ponitur</span> <span class='ocrx_word' id='word_1_127' title='bbox 530 1070 745 1109; x_wconf 87' lang='lat' dir='ltr'>seeundum</span> <span class='ocrx_word' id='word_1_128' title='bbox 776 1070 1022 1109; x_wconf 86' lang='lat' dir='ltr'>Priscianum</span> <span class='ocrx_word' id='word_1_129' title='bbox 1064 1072 1110 1110; x_wconf 86' lang='lat' dir='ltr'>de</span> <span class='ocrx_word' id='word_1_130' title='bbox 1153 1076 1443 1112; x_wconf 84' lang='lat' dir='ltr'>construetione</span> 
     </span>
     <span class='ocr_line' id='line_1_18' title="bbox 98 1128 395 1181; baseline 0.007 -14"><span class='ocrx_word' id='word_1_131' title='bbox 98 1130 160 1181; x_wconf 90' lang='grc' dir='ltr'>[ΙΙ,</span> <span class='ocrx_word' id='word_1_132' title='bbox 187 1128 302 1180; x_wconf 81' lang='grc'>397]</span> <span class='ocrx_word' id='word_1_133' title='bbox 348 1133 395 1169; x_wconf 79' lang='lat' dir='ltr'>D.</span> 
     </span>
    </p>

    <p class='ocr_par' dir='ltr' id='par_1_8' title="bbox 94 1188 1444 1358">
     <span class='ocr_line' id='line_1_19' title="bbox 185 1188 1443 1242; baseline 0.001 -14"><span class='ocrx_word' id='word_1_134' title='bbox 185 1211 239 1215; x_wconf 76' lang='lat'>—</span> <span class='ocrx_word' id='word_1_135' title='bbox 266 1190 325 1241; x_wconf 95' lang='lat' dir='ltr'>IV,</span> <span class='ocrx_word' id='word_1_136' title='bbox 353 1188 390 1242; x_wconf 85' lang='lat'>1,</span> <span class='ocrx_word' id='word_1_137' title='bbox 417 1188 469 1228; x_wconf 84' lang='lat'>21</span> <span class='ocrx_word' id='word_1_138' title='bbox 504 1201 576 1237; x_wconf 70' lang='lat' dir='ltr'>eqo</span> <span class='ocrx_word' id='word_1_139' title='bbox 602 1200 779 1227; x_wconf 74' lang='lat' dir='ltr'>meorum</span> <span class='ocrx_word' id='word_1_140' title='bbox 805 1191 910 1227; x_wconf 76' lang='lat' dir='ltr'>solus</span> <span class='ocrx_word' id='word_1_141' title='bbox 936 1201 1022 1227; x_wconf 80' lang='lat' dir='ltr'>sum-</span> <span class='ocrx_word' id='word_1_142' title='bbox 1048 1190 1175 1240; x_wconf 71' lang='lat' dir='ltr'>meus]</span> <span class='ocrx_word' id='word_1_143' title='bbox 1203 1192 1328 1241; x_wconf 86' lang='lat' dir='ltr'>prima</span> <span class='ocrx_word' id='word_1_144' title='bbox 1353 1204 1443 1241; x_wconf 84' lang='lat' dir='ltr'>pos-</span> 
     </span>
     <span class='ocr_line' id='line_1_20' title="bbox 96 1247 1444 1299; baseline 0.002 -13"><span class='ocrx_word' id='word_1_145' title='bbox 96 1247 196 1286; x_wconf 81' lang='lat' dir='ltr'>sidet</span> <span class='ocrx_word' id='word_1_146' title='bbox 227 1250 364 1299; x_wconf 84' lang='lat' dir='ltr'>prima.</span> <span class='ocrx_word' id='word_1_147' title='bbox 413 1255 451 1286; x_wconf 86' lang='lat' dir='ltr'>et</span> <span class='ocrx_word' id='word_1_148' title='bbox 482 1248 555 1286; x_wconf 91' lang='lat' dir='ltr'>hoc</span> <span class='ocrx_word' id='word_1_149' title='bbox 587 1259 673 1285; x_wconf 86' lang='lat' dir='ltr'>esse</span> <span class='ocrx_word' id='word_1_150' title='bbox 708 1248 869 1297; x_wconf 83' lang='lat' dir='ltr'>figurate</span> <span class='ocrx_word' id='word_1_151' title='bbox 903 1247 1050 1285; x_wconf 90' lang='lat' dir='ltr'>dietum</span> <span class='ocrx_word' id='word_1_152' title='bbox 1076 1248 1300 1288; x_wconf 81' lang='lat' dir='ltr'>Priscianus</span> <span class='ocrx_word' id='word_1_153' title='bbox 1331 1250 1444 1289; x_wconf 83' lang='lat' dir='ltr'>docet</span> 
     </span>
     <span class='ocr_line' id='line_1_21' title="bbox 94 1304 1021 1358; baseline 0.001 -14"><span class='ocrx_word' id='word_1_154' title='bbox 94 1308 134 1345; x_wconf 81' lang='lat' dir='ltr'>in</span> <span class='ocrx_word' id='word_1_155' title='bbox 168 1309 411 1358; x_wconf 86' lang='lat' dir='ltr'>pronominis</span> <span class='ocrx_word' id='word_1_156' title='bbox 444 1309 574 1358; x_wconf 87' lang='lat' dir='ltr'>priore</span> <span class='ocrx_word' id='word_1_157' title='bbox 608 1305 708 1344; x_wconf 85' lang='lat' dir='ltr'>libro</span> <span class='ocrx_word' id='word_1_158' title='bbox 742 1305 786 1358; x_wconf 91' lang='grc'>[1,</span> <span class='ocrx_word' id='word_1_159' title='bbox 813 1304 930 1356; x_wconf 76' lang='grc'>583]</span> <span class='ocrx_word' id='word_1_160' title='bbox 976 1307 1021 1345; x_wconf 86' lang='grc' dir='ltr'>Ε.</span> 
     </span>
    </p>

    <p class='ocr_par' dir='ltr' id='par_1_9' title="bbox 92 1364 1442 1889">
     <span class='ocr_line' id='line_1_22' title="bbox 185 1364 1441 1419; baseline 0.002 -16"><span class='ocrx_word' id='word_1_161' title='bbox 185 1388 238 1392; x_wconf 83' lang='grc'>-</span> <span class='ocrx_word' id='word_1_162' title='bbox 265 1367 324 1419; x_wconf 85' lang='grc' dir='ltr'>Ν,</span> <span class='ocrx_word' id='word_1_163' title='bbox 351 1365 388 1418; x_wconf 87' lang='grc'>3,</span> <span class='ocrx_word' id='word_1_164' title='bbox 415 1366 440 1406; x_wconf 86' lang='grc'>6</span> <span class='ocrx_word' id='word_1_165' title='bbox 474 1364 715 1415; x_wconf 73' lang='lat' dir='ltr'>compluria]</span> <span class='ocrx_word' id='word_1_166' title='bbox 750 1364 965 1415; x_wconf 87' lang='lat' dir='ltr'>compluria</span> <span class='ocrx_word' id='word_1_167' title='bbox 992 1365 1106 1404; x_wconf 85' lang='lat' dir='ltr'>docet</span> <span class='ocrx_word' id='word_1_168' title='bbox 1132 1366 1356 1406; x_wconf 84' lang='lat' dir='ltr'>Priscianus</span> <span class='ocrx_word' id='word_1_169' title='bbox 1383 1368 1441 1406; x_wconf 88' lang='lat' dir='ltr'>di-</span> 
     </span>
     <span class='ocr_line' id='line_1_23' title="bbox 95 1423 1442 1476; baseline 0.003 -15"><span class='ocrx_word' id='word_1_170' title='bbox 95 1425 263 1463; x_wconf 73' lang='lat' dir='ltr'>cendum</span> <span class='ocrx_word' id='word_1_171' title='bbox 288 1427 328 1463; x_wconf 89' lang='lat' dir='ltr'>in</span> <span class='ocrx_word' id='word_1_172' title='bbox 355 1425 454 1463; x_wconf 80' lang='lat' dir='ltr'>libro</span> <span class='ocrx_word' id='word_1_173' title='bbox 474 1425 551 1476; x_wconf 74' lang='lat' dir='ltr'>vll,</span> <span class='ocrx_word' id='word_1_174' title='bbox 571 1424 638 1463; x_wconf 85' lang='lat' dir='ltr'>ubi</span> <span class='ocrx_word' id='word_1_175' title='bbox 664 1424 785 1461; x_wconf 78' lang='lat' dir='ltr'>refert</span> <span class='ocrx_word' id='word_1_176' title='bbox 806 1423 852 1461; x_wconf 88' lang='lat' dir='ltr'>de</span> <span class='ocrx_word' id='word_1_177' title='bbox 873 1423 1029 1462; x_wconf 85' lang='lat' dir='ltr'>casibus</span> <span class='ocrx_word' id='word_1_178' title='bbox 1051 1425 1204 1463; x_wconf 85' lang='lat' dir='ltr'>dicens:</span> <span class='ocrx_word' id='word_1_179' title='bbox 1236 1427 1442 1465; x_wconf 86' lang='lat' dir='ltr'>inveniun-</span> 
     </span>
     <span class='ocr_line' id='line_1_24' title="bbox 95 1482 1442 1535; baseline 0.003 -15"><span class='ocrx_word' id='word_1_180' title='bbox 95 1489 158 1521; x_wconf 85' lang='lat' dir='ltr'>tur</span> <span class='ocrx_word' id='word_1_181' title='bbox 191 1484 397 1535; x_wconf 78' lang='lat' dir='ltr'>quaedam,</span> <span class='ocrx_word' id='word_1_182' title='bbox 436 1496 532 1534; x_wconf 86' lang='lat' dir='ltr'>quae</span> <span class='ocrx_word' id='word_1_183' title='bbox 572 1482 751 1532; x_wconf 84' lang='lat' dir='ltr'>obliquos</span> <span class='ocrx_word' id='word_1_184' title='bbox 790 1494 903 1520; x_wconf 87' lang='lat' dir='ltr'>casus</span> <span class='ocrx_word' id='word_1_185' title='bbox 942 1495 1169 1522; x_wconf 81' lang='lat' dir='ltr'>communes</span> <span class='ocrx_word' id='word_1_186' title='bbox 1208 1484 1351 1523; x_wconf 86' lang='lat' dir='ltr'>habent</span> <span class='ocrx_word' id='word_1_187' title='bbox 1384 1485 1442 1524; x_wconf 82' lang='lat' dir='ltr'>vel</span> 
     </span>
     <span class='ocr_line' id='line_1_25' title="bbox 94 1542 1441 1596; baseline 0.002 -17"><span class='ocrx_word' id='word_1_188' title='bbox 94 1542 309 1595; x_wconf 86' lang='lat' dir='ltr'>possident,</span> <span class='ocrx_word' id='word_1_189' title='bbox 341 1544 515 1593; x_wconf 70' lang='lat' dir='ltr'>quamvis</span> <span class='ocrx_word' id='word_1_190' title='bbox 541 1543 804 1580; x_wconf 84' lang='lat' dir='ltr'>nominativus</span> <span class='ocrx_word' id='word_1_191' title='bbox 831 1552 909 1579; x_wconf 90' lang='lat' dir='ltr'>non</span> <span class='ocrx_word' id='word_1_192' title='bbox 936 1543 986 1580; x_wconf 85' lang='lat' dir='ltr'>sit</span> <span class='ocrx_word' id='word_1_193' title='bbox 1012 1544 1242 1595; x_wconf 84' lang='lat' dir='ltr'>eommunis,</span> <span class='ocrx_word' id='word_1_194' title='bbox 1274 1549 1316 1582; x_wconf 86' lang='lat' dir='ltr'>ut</span> <span class='ocrx_word' id='word_1_195' title='bbox 1342 1544 1441 1596; x_wconf 82' lang='lat' dir='ltr'>plus,</span> 
     </span>
     <span class='ocr_line' id='line_1_26' title="bbox 95 1600 1440 1652; baseline 0.002 -14"><span class='ocrx_word' id='word_1_196' title='bbox 95 1613 183 1639; x_wconf 86' lang='lat' dir='ltr'>eum</span> <span class='ocrx_word' id='word_1_197' title='bbox 216 1602 267 1643; x_wconf 85' lang='lat' dir='ltr'>sit</span> <span class='ocrx_word' id='word_1_198' title='bbox 298 1604 429 1640; x_wconf 81' lang='lat' dir='ltr'>neutri</span> <span class='ocrx_word' id='word_1_199' title='bbox 460 1601 722 1640; x_wconf 72' lang='lat' dir='ltr'>nominativus</span> <span class='ocrx_word' id='word_1_200' title='bbox 755 1600 965 1652; x_wconf 73' lang='lat' dir='ltr'>dumtaxat,</span> <span class='ocrx_word' id='word_1_201' title='bbox 997 1603 1198 1651; x_wconf 74' lang='lat' dir='ltr'>genetivus</span> <span class='ocrx_word' id='word_1_202' title='bbox 1225 1603 1310 1640; x_wconf 86' lang='lat' dir='ltr'>eius</span> <span class='ocrx_word' id='word_1_203' title='bbox 1337 1615 1440 1641; x_wconf 81' lang='lat' dir='ltr'>com—</span> 
     </span>
     <span class='ocr_line' id='line_1_27' title="bbox 93 1659 1440 1714; baseline 0.003 -18"><span class='ocrx_word' id='word_1_204' title='bbox 93 1661 222 1698; x_wconf 90' lang='lat' dir='ltr'>munis</span> <span class='ocrx_word' id='word_1_205' title='bbox 256 1666 315 1698; x_wconf 87' lang='lat' dir='ltr'>est</span> <span class='ocrx_word' id='word_1_206' title='bbox 346 1662 465 1699; x_wconf 88' lang='lat' dir='ltr'>trium</span> <span class='ocrx_word' id='word_1_207' title='bbox 498 1671 697 1711; x_wconf 80' lang='lat' dir='ltr'>generum,</span> <span class='ocrx_word' id='word_1_208' title='bbox 728 1671 800 1697; x_wconf 80' lang='lat' dir='ltr'>nec</span> <span class='ocrx_word' id='word_1_209' title='bbox 827 1670 905 1697; x_wconf 90' lang='lat' dir='ltr'>non</span> <span class='ocrx_word' id='word_1_210' title='bbox 932 1664 970 1697; x_wconf 86' lang='lat' dir='ltr'>et</span> <span class='ocrx_word' id='word_1_211' title='bbox 996 1659 1146 1698; x_wconf 77' lang='lat' dir='ltr'>dativus</span> <span class='ocrx_word' id='word_1_212' title='bbox 1174 1666 1212 1699; x_wconf 88' lang='lat' dir='ltr'>et</span> <span class='ocrx_word' id='word_1_213' title='bbox 1238 1660 1440 1714; x_wconf 72' lang='lat' dir='ltr'>ablativus,</span> 
     </span>
     <span class='ocr_line' id='line_1_28' title="bbox 93 1718 1439 1771; baseline 0.002 -15"><span class='ocrx_word' id='word_1_214' title='bbox 93 1718 194 1756; x_wconf 88' lang='lat' dir='ltr'>unde</span> <span class='ocrx_word' id='word_1_215' title='bbox 226 1719 390 1770; x_wconf 80' lang='lat' dir='ltr'>pluralia</span> <span class='ocrx_word' id='word_1_216' title='bbox 424 1732 577 1771; x_wconf 82' lang='lat' dir='ltr'>quoque</span> <span class='ocrx_word' id='word_1_217' title='bbox 610 1723 689 1756; x_wconf 86' lang='lat' dir='ltr'>tam</span> <span class='ocrx_word' id='word_1_218' title='bbox 721 1719 760 1755; x_wconf 88' lang='lat' dir='ltr'>in</span> <span class='ocrx_word' id='word_1_219' title='bbox 795 1730 836 1755; x_wconf 84' lang='lat' dir='ltr'>es</span> <span class='ocrx_word' id='word_1_220' title='bbox 869 1730 985 1768; x_wconf 85' lang='lat' dir='ltr'>quam</span> <span class='ocrx_word' id='word_1_221' title='bbox 1022 1720 1062 1756; x_wconf 94' lang='lat' dir='ltr'>in</span> <span class='ocrx_word' id='word_1_222' title='bbox 1095 1732 1115 1757; x_wconf 88' lang='lat' dir='ltr'>a</span> <span class='ocrx_word' id='word_1_223' title='bbox 1148 1721 1367 1759; x_wconf 76' lang='lat' dir='ltr'>invenimus</span> <span class='ocrx_word' id='word_1_224' title='bbox 1400 1721 1439 1759; x_wconf 82' lang='lat' dir='ltr'>hi</span> 
     </span>
     <span class='ocr_line' id='line_1_29' title="bbox 92 1776 1439 1829; baseline 0.003 -15"><span class='ocrx_word' id='word_1_225' title='bbox 92 1782 130 1815; x_wconf 83' lang='lat' dir='ltr'>et</span> <span class='ocrx_word' id='word_1_226' title='bbox 161 1777 232 1816; x_wconf 83' lang='lat' dir='ltr'>hae</span> <span class='ocrx_word' id='word_1_227' title='bbox 264 1778 397 1829; x_wconf 82' lang='lat' dir='ltr'>plures</span> <span class='ocrx_word' id='word_1_228' title='bbox 429 1784 468 1817; x_wconf 88' lang='lat' dir='ltr'>et</span> <span class='ocrx_word' id='word_1_229' title='bbox 498 1779 593 1817; x_wconf 81' lang='lat' dir='ltr'>haec</span> <span class='ocrx_word' id='word_1_230' title='bbox 624 1776 735 1828; x_wconf 84' lang='lat' dir='ltr'>plura</span> <span class='ocrx_word' id='word_1_231' title='bbox 768 1776 826 1814; x_wconf 70' lang='lat' dir='ltr'>vel</span> <span class='ocrx_word' id='word_1_232' title='bbox 860 1776 1002 1828; x_wconf 84' lang='lat' dir='ltr'>pluria,</span> <span class='ocrx_word' id='word_1_233' title='bbox 1042 1778 1144 1816; x_wconf 79' lang='lat' dir='ltr'>unde</span> <span class='ocrx_word' id='word_1_234' title='bbox 1178 1781 1439 1829; x_wconf 82' lang='lat' dir='ltr'>compositum</span> 
     </span>
     <span class='ocr_line' id='line_1_30' title="bbox 92 1836 615 1889; baseline 0.006 -18"><span class='ocrx_word' id='word_1_235' title='bbox 92 1836 305 1887; x_wconf 72' lang='lat' dir='ltr'>compluria</span> <span class='ocrx_word' id='word_1_236' title='bbox 339 1837 384 1889; x_wconf 91' lang='grc'>[1,</span> <span class='ocrx_word' id='word_1_237' title='bbox 410 1836 525 1888; x_wconf 80' lang='grc'>315]</span> <span class='ocrx_word' id='word_1_238' title='bbox 571 1838 615 1875; x_wconf 81' lang='grc' dir='ltr'>Ε.</span> 
     </span>
    </p>

    <p class='ocr_par' dir='ltr' id='par_1_10' title="bbox 90 1894 1436 2066">
     <span class='ocr_line' id='line_1_31' title="bbox 181 1894 1436 1948; baseline 0.003 -16"><span class='ocrx_word' id='word_1_239' title='bbox 181 1917 234 1922; x_wconf 82' lang='grc'>-</span> <span class='ocrx_word' id='word_1_240' title='bbox 256 1895 314 1948; x_wconf 87' lang='grc' dir='ltr'>Ν,</span> <span class='ocrx_word' id='word_1_241' title='bbox 336 1894 373 1948; x_wconf 84' lang='grc'>3,</span> <span class='ocrx_word' id='word_1_242' title='bbox 396 1895 448 1936; x_wconf 89' lang='grc'>18</span> <span class='ocrx_word' id='word_1_243' title='bbox 472 1897 657 1945; x_wconf 61' lang='lat' dir='ltr'>summus</span> <span class='ocrx_word' id='word_1_244' title='bbox 683 1894 828 1944; x_wconf 68' lang='lat' dir='ltr'>litium]</span> <span class='ocrx_word' id='word_1_245' title='bbox 857 1895 1027 1945; x_wconf 76' lang='lat' dir='ltr'>fugitans</span> <span class='ocrx_word' id='word_1_246' title='bbox 1053 1895 1125 1933; x_wconf 78' lang='lat' dir='ltr'>hoe</span> <span class='ocrx_word' id='word_1_247' title='bbox 1154 1895 1236 1934; x_wconf 71' lang='lat' dir='ltr'>loeo</span> <span class='ocrx_word' id='word_1_248' title='bbox 1259 1899 1436 1947; x_wconf 76' lang='lat' dir='ltr'>genetivo</span> 
     </span>
     <span class='ocr_line' id='line_1_32' title="bbox 91 1953 1436 1995; baseline 0.004 -6"><span class='ocrx_word' id='word_1_249' title='bbox 91 1955 343 1993; x_wconf 81' lang='lat' dir='ltr'>coniunctum</span> <span class='ocrx_word' id='word_1_250' title='bbox 375 1968 518 1994; x_wconf 89' lang='lat' dir='ltr'>nomen</span> <span class='ocrx_word' id='word_1_251' title='bbox 556 1967 642 1993; x_wconf 84' lang='lat' dir='ltr'>esse</span> <span class='ocrx_word' id='word_1_252' title='bbox 676 1953 896 1992; x_wconf 81' lang='lat' dir='ltr'>ostenditur</span> <span class='ocrx_word' id='word_1_253' title='bbox 935 1955 974 1991; x_wconf 91' lang='lat' dir='ltr'>in</span> <span class='ocrx_word' id='word_1_254' title='bbox 1007 1955 1178 1992; x_wconf 74' lang='lat' dir='ltr'>secundo</span> <span class='ocrx_word' id='word_1_255' title='bbox 1212 1955 1312 1993; x_wconf 81' lang='lat' dir='ltr'>libro</span> <span class='ocrx_word' id='word_1_256' title='bbox 1346 1970 1436 1995; x_wconf 77' lang='lat' dir='ltr'>con-</span> 
     </span>
     <span class='ocr_line' id='line_1_33' title="bbox 90 2013 692 2066; baseline 0.007 -17"><span class='ocrx_word' id='word_1_257' title='bbox 90 2014 318 2051; x_wconf 76' lang='lat' dir='ltr'>structionis</span> <span class='ocrx_word' id='word_1_258' title='bbox 353 2013 415 2066; x_wconf 88' lang='grc' dir='ltr'>[ΙΙ,</span> <span class='ocrx_word' id='word_1_259' title='bbox 441 2013 556 2064; x_wconf 72' lang='grc'>217]</span> <span class='ocrx_word' id='word_1_260' title='bbox 605 2014 692 2053; x_wconf 79' lang='lat' dir='ltr'>GE.</span> 
     </span>
    </p>

    <p class='ocr_par' dir='ltr' id='par_1_11' title="bbox 180 2071 1436 2125">
     <span class='ocr_line' id='line_1_34' title="bbox 180 2071 1436 2125; baseline 0.003 -16"><span class='ocrx_word' id='word_1_261' title='bbox 180 2093 233 2097; x_wconf 92' lang='lat'><strong>—</strong></span> <span class='ocrx_word' id='word_1_262' title='bbox 262 2072 319 2124; x_wconf 90' lang='lat' dir='ltr'>IV,</span> <span class='ocrx_word' id='word_1_263' title='bbox 346 2071 384 2124; x_wconf 90' lang='grc'>3,</span> <span class='ocrx_word' id='word_1_264' title='bbox 411 2071 467 2113; x_wconf 85' lang='grc'>60</span> <span class='ocrx_word' id='word_1_265' title='bbox 494 2071 698 2123; x_wconf 78' lang='lat' dir='ltr'>pluscula]</span> <span class='ocrx_word' id='word_1_266' title='bbox 738 2071 957 2123; x_wconf 75' lang='lat' dir='ltr'>plusculus,</span> <span class='ocrx_word' id='word_1_267' title='bbox 989 2071 1183 2125; x_wconf 82' lang='lat' dir='ltr'>pluscula,</span> <span class='ocrx_word' id='word_1_268' title='bbox 1215 2073 1436 2123; x_wconf 83' lang='lat' dir='ltr'>plusculum</span> 
     </span>
    </p>

    <p class='ocr_par' dir='ltr' id='par_1_12' title="bbox 88 2172 1435 2360">
     <span class='ocr_line' id='line_1_35' title="bbox 185 2172 1432 2220; baseline 0.004 -14"><span class='ocrx_word' id='word_1_269' title='bbox 185 2177 201 2206; x_wconf 92' lang='lat'>1</span> <span class='ocrx_word' id='word_1_270' title='bbox 224 2175 266 2207; x_wconf 74' lang='lat' dir='ltr'>ut</span> <span class='ocrx_word' id='word_1_271' title='bbox 292 2185 357 2209; x_wconf 83' lang='lat' dir='ltr'>om.</span> <span class='ocrx_word' id='word_1_272' title='bbox 382 2174 425 2209; x_wconf 80' lang='lat' dir='ltr'>G.</span> <span class='ocrx_word' id='word_1_273' title='bbox 448 2195 489 2199; x_wconf 97' lang='lat'><strong>—</strong></span> <span class='ocrx_word' id='word_1_274' title='bbox 511 2174 550 2208; x_wconf 92' lang='lat' dir='ltr'>in</span> <span class='ocrx_word' id='word_1_275' title='bbox 576 2174 606 2220; x_wconf 92' lang='lat' dir='ltr'>I]</span> <span class='ocrx_word' id='word_1_276' title='bbox 632 2174 671 2208; x_wconf 93' lang='lat' dir='ltr'>in</span> <span class='ocrx_word' id='word_1_277' title='bbox 697 2173 784 2207; x_wconf 85' lang='lat' dir='ltr'>sedo</span> <span class='ocrx_word' id='word_1_278' title='bbox 810 2172 930 2217; x_wconf 87' lang='lat' dir='ltr'>primo</span> <span class='ocrx_word' id='word_1_279' title='bbox 954 2173 996 2207; x_wconf 81' lang='lat' dir='ltr'>G.</span> <span class='ocrx_word' id='word_1_280' title='bbox 1027 2194 1066 2198; x_wconf 89' lang='lat'><strong>—</strong></span> <span class='ocrx_word' id='word_1_281' title='bbox 1090 2173 1266 2210; x_wconf 76' lang='lat' dir='ltr'>declarat.</span> <span class='ocrx_word' id='word_1_282' title='bbox 1294 2186 1360 2210; x_wconf 83' lang='lat' dir='ltr'>om.</span> <span class='ocrx_word' id='word_1_283' title='bbox 1390 2176 1432 2211; x_wconf 80' lang='lat' dir='ltr'>G.</span> 
     </span>
     <span class='ocr_line' id='line_1_36' title="bbox 88 2219 1435 2266; baseline 0.003 -13"><span class='ocrx_word' id='word_1_284' title='bbox 88 2224 109 2253; x_wconf 86' lang='lat'>5</span> <span class='ocrx_word' id='word_1_285' title='bbox 135 2219 272 2266; x_wconf 80' lang='lat' dir='ltr'>dicere]</span> <span class='ocrx_word' id='word_1_286' title='bbox 300 2221 338 2255; x_wconf 87' lang='lat' dir='ltr'>di</span> <span class='ocrx_word' id='word_1_287' title='bbox 364 2222 472 2258; x_wconf 72' lang='lat' dir='ltr'>certe.</span> <span class='ocrx_word' id='word_1_288' title='bbox 502 2242 544 2247; x_wconf 91' lang='lat'>—</span> <span class='ocrx_word' id='word_1_289' title='bbox 565 2220 780 2256; x_wconf 72' lang='lat' dir='ltr'>Terentium</span> <span class='ocrx_word' id='word_1_290' title='bbox 797 2230 863 2254; x_wconf 85' lang='lat' dir='ltr'>om.</span> <span class='ocrx_word' id='word_1_291' title='bbox 959 2223 976 2253; x_wconf 83' lang='lat'><strong>7</strong></span> <span class='ocrx_word' id='word_1_292' title='bbox 998 2219 1104 2266; x_wconf 78' lang='lat' dir='ltr'>facit]</span> <span class='ocrx_word' id='word_1_293' title='bbox 1128 2250 1133 2255; x_wconf 92' lang='lat'><em>.</em></span> <span class='ocrx_word' id='word_1_294' title='bbox 1151 2250 1157 2255; x_wconf 93' lang='lat'>.</span> <span class='ocrx_word' id='word_1_295' title='bbox 1175 2250 1181 2256; x_wconf 92' lang='lat'><strong><em>.</em></strong></span> <span class='ocrx_word' id='word_1_296' title='bbox 1197 2223 1222 2256; x_wconf 80' lang='lat' dir='ltr'>t.</span> <span class='ocrx_word' id='word_1_297' title='bbox 1317 2226 1336 2256; x_wconf 87' lang='grc'>9</span> <span class='ocrx_word' id='word_1_298' title='bbox 1350 2224 1435 2257; x_wconf 72' lang='lat' dir='ltr'>inde</span> 
     </span>
     <span class='ocr_line' id='line_1_37' title="bbox 88 2268 1435 2315; baseline 0.002 -14"><span class='ocrx_word' id='word_1_299' title='bbox 88 2278 111 2301; x_wconf 77' lang='lat' dir='ltr'>a</span> <span class='ocrx_word' id='word_1_300' title='bbox 136 2268 260 2311; x_wconf 76' lang='lat' dir='ltr'>potest</span> <span class='ocrx_word' id='word_1_301' title='bbox 285 2269 452 2313; x_wconf 70' lang='lat' dir='ltr'>plurima</span> <span class='ocrx_word' id='word_1_302' title='bbox 477 2280 630 2314; x_wconf 73' lang='lat' dir='ltr'>prorsus</span> <span class='ocrx_word' id='word_1_303' title='bbox 655 2271 887 2304; x_wconf 74' lang='lat' dir='ltr'>evanuemmt.</span> <span class='ocrx_word' id='word_1_304' title='bbox 1009 2270 1054 2300; x_wconf 73' lang='grc'>20</span> <span class='ocrx_word' id='word_1_305' title='bbox 1079 2268 1324 2315; x_wconf 86' lang='lat' dir='ltr'>pronominis]</span> <span class='ocrx_word' id='word_1_306' title='bbox 1352 2281 1435 2304; x_wconf 86' lang='lat' dir='ltr'>eon-</span> 
     </span>
     <span class='ocr_line' id='line_1_38' title="bbox 89 2313 1212 2360; baseline 0.003 -13"><span class='ocrx_word' id='word_1_307' title='bbox 89 2313 313 2351; x_wconf 72' lang='lat' dir='ltr'>structionis.</span> <span class='ocrx_word' id='word_1_308' title='bbox 422 2319 467 2350; x_wconf 76' lang='lat'>24</span> <span class='ocrx_word' id='word_1_309' title='bbox 492 2327 565 2351; x_wconf 87' lang='lat' dir='ltr'>non</span> <span class='ocrx_word' id='word_1_310' title='bbox 591 2327 656 2352; x_wconf 82' lang='lat' dir='ltr'>om.</span> <span class='ocrx_word' id='word_1_311' title='bbox 755 2317 798 2347; x_wconf 79' lang='lat'>27</span> <span class='ocrx_word' id='word_1_312' title='bbox 826 2314 988 2360; x_wconf 86' lang='lat' dir='ltr'>quoque]</span> <span class='ocrx_word' id='word_1_313' title='bbox 1016 2315 1212 2357; x_wconf 81' lang='lat' dir='ltr'>quaedam.</span> 
     </span>
    </p>
   </div>
   <div class='ocr_carea' id='block_1_3' title="bbox 1476 732 1519 762">
    <p class='ocr_par' dir='ltr' id='par_1_13' title="bbox 1476 732 1519 762">
     <span class='ocr_line' id='line_1_39' title="bbox 1476 732 1519 762; baseline 0.023 -1"><span class='ocrx_word' id='word_1_314' title='bbox 1476 732 1519 762; x_wconf 81' lang='lat'>10</span> 
     </span>
    </p>
   </div>
   <div class='ocr_carea' id='block_1_4' title="bbox 1474 1025 1515 1056">
    <p class='ocr_par' dir='ltr' id='par_1_14' title="bbox 1474 1025 1515 1056">
     <span class='ocr_line' id='line_1_40' title="bbox 1474 1025 1515 1056; baseline 0.024 -1"><span class='ocrx_word' id='word_1_315' title='bbox 1474 1025 1515 1056; x_wconf 85' lang='lat'>15</span> 
     </span>
    </p>
   </div>
   <div class='ocr_carea' id='block_1_5' title="bbox 1469 1321 1514 1353">
    <p class='ocr_par' dir='ltr' id='par_1_15' title="bbox 1469 1321 1514 1353">
     <span class='ocr_line' id='line_1_41' title="bbox 1469 1321 1514 1353; baseline -0.022 0"><span class='ocrx_word' id='word_1_316' title='bbox 1469 1321 1514 1353; x_wconf 85' lang='lat'>20</span> 
     </span>
    </p>
   </div>
   <div class='ocr_carea' id='block_1_6' title="bbox 1467 1615 1511 1647">
    <p class='ocr_par' dir='ltr' id='par_1_16' title="bbox 1467 1615 1511 1647">
     <span class='ocr_line' id='line_1_42' title="bbox 1467 1615 1511 1647; baseline 0.023 -1"><span class='ocrx_word' id='word_1_317' title='bbox 1467 1615 1511 1647; x_wconf 78' lang='lat'>25</span> 
     </span>
    </p>
   </div>
   <div class='ocr_carea' id='block_1_7' title="bbox 1464 1910 1509 1941">
    <p class='ocr_par' dir='ltr' id='par_1_17' title="bbox 1464 1910 1509 1941">
     <span class='ocr_line' id='line_1_43' title="bbox 1464 1910 1509 1941; baseline 0 0"><span class='ocrx_word' id='word_1_318' title='bbox 1464 1910 1509 1941; x_wconf 90' lang='lat'>30</span> 
     </span>
    </p>
   </div>
  </div>
 </body>
</html>
