1681 2576
110 762 152 793 10

112 1071 154 1101 15

115 1659 159 1691 25

117 1956 161 1985 30

172 83 193 123 1
201 82 257 124 60
591 76 884 112 Commentarius
910 74 1107 119 antiquior.

173 192 198 233 6
238 190 449 240 masliyia]
494 190 635 228 mastix
675 200 831 239 graece,
875 186 995 224 latine
1034 185 1179 223 dicitur
1218 186 1402 237 corrigia,
1443 197 1519 235 qua

175 254 295 303 Syrus
320 249 471 287 volebat
494 248 685 299 impedire
709 246 906 285 Demeam.
958 244 982 284 8
1004 246 1117 283 haud
1137 256 1235 282 sane
1255 242 1517 293 commodum]

174 311 214 349 id
253 314 313 348 051.
349 320 427 346 non
466 319 553 346 sum
591 305 819 344 commodus
858 309 896 343 et
933 308 1173 354 temperatus
1212 303 1388 354 conviva,
1428 303 1519 340 vino

176 371 280 408 enim
307 366 538 418 gravabatur
563 369 602 403 et
628 364 725 403 cibo.
771 363 900 402 aliter:
928 366 1271 401 commessatorem
1298 360 1401 399 haud
1429 372 1519 399 sane

177 427 424 466 commodum
440 424 642 475 habemus,
664 422 745 461 scil.
759 422 955 473 Demeam,
975 422 1209 472 praesertim
1223 420 1262 458 id
1278 425 1337 458 051
1353 421 1519 457 maxime

177 486 416 536 Ctesiphoni.
473 487 512 522 et
549 483 604 521 ibi
639 482 873 532 distingue..
904 481 997 531 quid
1035 492 1104 530 ego
1137 491 1242 518 nuno
1274 490 1384 529 agam
1416 478 1520 517 aliud

176 547 266 597 nisi,
290 545 382 583 dum
401 543 474 581 liae
496 542 684 580 silescunt
702 540 853 592 turbae,
878 541 1029 577 interea
1049 540 1090 576 111
1111 537 1296 589 angulum
1317 537 1453 575 abeam
1474 538 1519 575 D.

179 602 234 643 10
261 601 422 652 turbae]
456 600 711 640 turbationes.
770 596 821 637 11
850 600 924 637 hoc
956 597 1060 647 villi]
1094 602 1245 636 tantum
1276 597 1369 647 vini,
1401 603 1522 647 quan-

177 669 260 702 tum
292 661 385 700 bibi.

800 745 840 796 v,
868 743 904 783 3.

269 826 293 865 2
328 828 517 873 Quisnam
546 835 569 861 a
597 835 657 861 me
685 821 854 872 pepulit]
886 820 1062 872 pulsavit.
1115 821 1235 859 frater
1262 834 1356 860 suus
1382 822 1523 860 Demea

180 888 314 925 exiens
352 886 476 922 iratus
514 895 534 920 a
572 882 686 920 domo
725 881 829 919 illius
870 885 1032 931 propter
1071 879 1193 918 filium
1234 880 1524 932 Ctesiphonem,

181 957 296 996 quem
323 944 472 982 invenit
501 945 701 992 potantem
728 952 816 978 cum
848 939 1021 990 psaltria,
1053 939 1204 990 pepulit
1229 940 1384 978 fortiter
1409 940 1524 978 fores.

179 1004 283 1043 uude
311 1005 364 1041 ait
390 1004 463 1040 iste
489 1000 623 1038 Micio:
651 1001 738 1050 quis
764 998 916 1049 pepulit
941 996 1074 1036 fores?
1106 998 1204 1036 ΒΜ.
1249 996 1278 1037 4
1304 1011 1325 1038 o
1353 999 1524 1049 caelum]

181 1064 280 1101 dixit
312 1060 510 1100 iracunde.
564 1058 590 1098 5
618 1058 681 1108 id]
716 1058 764 1095 ob
796 1057 880 1095 hoo.
940 1055 994 1095 10
1021 1057 1223 1108 putemus]
1257 1058 1525 1096 discutiamus.

184 1120 235 1161 11
256 1120 375 1170 adeo]
395 1124 511 1158 certe.
546 1116 598 1157 17
616 1116 796 1166 verbum]
815 1115 1077 1167 proverbium.
1113 1114 1166 1155 19
1180 1116 1334 1167 facete]
1353 1116 1527 1168 pulchre,

182 1182 364 1220 ironicos.
411 1176 463 1217 21
489 1175 703 1226 sumptum]
730 1180 820 1214 nota
847 1175 1052 1225 figuratam
1078 1175 1326 1215 locutionem.
1373 1173 1427 1214 23
1450 1188 1528 1226 pro

182 1254 229 1279 re
255 1240 418 1279 tollebas
445 1236 532 1286 tua]
560 1235 762 1274 nutriebas
790 1234 1007 1272 secundum
1032 1239 1144 1272 tuum
1169 1247 1296 1285 posse.
1343 1232 1400 1274 34
1419 1237 1528 1274 mitto

183 1298 285 1348 rem]
323 1298 361 1336 id
396 1300 455 1335 est
487 1295 744 1334 substantiam
777 1295 931 1344 omittO,
969 1294 1080 1331 ouius
1118 1294 1266 1332 iactura
1303 1294 1430 1332 facilis
1470 1298 1530 1332 est

184 1358 231 1396 ad
270 1356 601 1407 comparationem
640 1352 954 1403 consuetudinis,
995 1352 1034 1390 id
1073 1357 1132 1390 051
1169 1352 1346 1392 luxuriae
1381 1365 1528 1404 eorum,

185 1429 300 1468 quam
320 1417 382 1453 vix
405 1415 574 1452 humane
597 1413 735 1463 patior.
781 1416 819 1449 et
840 1415 898 1449 est
923 1412 1159 1462 interruptio
1180 1424 1305 1451 mane.
1351 1410 1406 1451 35
1428 1415 1530 1451 istuc

184 1475 307 1525 ibam]
347 1476 448 1512 istuc
487 1471 663 1510 volebam
702 1471 844 1508 dicere.
908 1468 962 1509 36
996 1473 1234 1510 coniectura
1267 1470 1332 1521 fit]
1371 1471 1531 1522 probari

183 1539 326 1586 potest,
359 1532 492 1584 quales
526 1532 605 1569 sint
637 1530 768 1568 futuri.
828 1526 883 1567 41
920 1531 958 1568 in
991 1528 1094 1579 loco]
1129 1534 1333 1582 oportune,
1363 1529 1432 1568 uhi
1463 1532 1530 1568 110-

187 1606 297 1632 cesse
319 1597 388 1630 est.
427 1588 482 1629 42
498 1593 606 1629 scire
620 1588 693 1638 est]
717 1589 817 1627 seire
838 1587 1027 1638 possibile
1048 1592 1118 1626 est.
1153 1588 1338 1639 liberum]
1354 1589 1529 1627 naturale

185 1652 246 1690 vel
284 1651 425 1690 nobile.
493 1647 550 1687 43
589 1650 726 1697 quovis
765 1649 850 1686 illos
889 1653 929 1686 tu
970 1646 1056 1697 die]
1102 1647 1141 1685 id
1184 1652 1243 1686 est
1284 1660 1530 1699 quocumque

185 1711 356 1749 volueris
388 1707 521 1760 (die).
585 1707 714 1745 aliter:
763 1707 900 1756 quovis
932 1705 1020 1744 illos
1056 1706 1185 1745 studio
1219 1708 1265 1745 D.
1327 1704 1384 1746 45
1418 1709 1531 1746 omis-

187 1769 330 1819 siores]
364 1769 530 1807 nimium
556 1766 723 1817 prodigi,
754 1765 981 1803 lasciviores
1008 1769 1047 1803 01
1072 1765 1338 1816 dissipatores.
1388 1763 1445 1805 48
1473 1772 1532 1804 ατ-

188 1827 394 1877 tentiores]
423 1826 627 1864 avidiores.
664 1822 720 1863 49
743 1824 870 1874 quod]
899 1823 946 1861 ad
973 1836 1089 1874 quam
1115 1836 1209 1862 rem.
1245 1823 1312 1874 ne]
1336 1824 1416 1862 scil.
1432 1825 1530 1862 vide.

188 1885 245 1926 50
266 1886 410 1935 bonae]
435 1886 618 1923 ironicos.
670 1881 725 1922 53
747 1894 925 1932 expOrqe
945 1882 1139 1933 frontem]
1162 1882 1346 1935 exhilara,
1366 1883 1532 1922 extende

188 1958 304 1997 rugas
330 1946 478 1990 DCM5
509 1941 768 1982 commascula
795 1942 975 1993 frontem,
1002 1941 1038 1979 id
1069 1946 1127 1980 cst
1152 1943 1368 1992 virgineam
1394 1942 1533 1981 faciem

189 2007 295 2043 reice
322 2017 342 2042 a
368 2008 406 2041 te
434 2008 471 2041 et
498 2003 630 2053 recipe
650 2001 804 2039 virilem
830 2002 920 2039 BG.
966 1998 1021 2039 56
1042 2000 1235 2051 hilarum]
1261 2013 1333 2052 pro
1359 2001 1533 2039 hilarem.

190 2062 247 2103 60
280 2061 459 2112 pollinis]
494 2073 618 2112 genus
644 2061 802 2098 farinae.
861 2057 917 2099 64
949 2072 1058 2098 mmo·
1087 2062 1185 2099 mihi
1208 2062 1347 2099 videre
1371 2060 1532 2110 sapere]

189 2134 372 2160 ironicos.

286 2261 306 2292 8
334 2257 529 2302 quantum]
557 2256 656 2300 quod
682 2257 730 2291 D.
828 2260 872 2291 26
900 2256 959 2291 die
985 2257 1123 2292 addidi.

1668 480 1681 670 ἢὲ-..ςιμᾈ
1672 342 1681 442 *A*
1674 292 1681 305 -

1657 921 1681 2446 sst—n——n-—n—-mmssffl-ffl„
1667 885 1681 906 .·.
1679 853 1681 858 .
1661 716 1681 831 “.;“.,;,
1666 671 1681 694 ς»
