1681 2576
518 80 717 115 Eunuchus
742 79 804 123 ΙΙΙ,
825 82 847 112 4
861 99 896 103 -
918 78 980 122 ΙΠ,
1003 82 1034 113 5.
1351 78 1444 120 105

96 194 130 229 av
151 191 289 245 cellula
320 190 599 242 interrogabat,
632 190 720 240 quis
753 189 809 227 ibi
845 193 963 240 esset7
997 188 1150 239 sibique
1184 188 1446 239 respondebat

98 250 286 288 dissolute
319 250 471 288 dicens:
502 260 616 287 nemo
649 248 711 286 hic
740 252 810 286 est.
862 246 886 285 2
921 247 1148 297 erumpere]
1182 248 1444 285 manifestare.

98 307 122 347 3
156 321 264 348 mmo
297 308 370 358 est]
404 308 500 346 illud
532 313 699 358 tempus.
746 306 768 346 7
801 303 987 355 qestz'am]
1021 307 1060 344 id
1094 312 1154 344 est
1178 306 1359 357 plaudam
1385 306 1446 344 vel

64 364 67 367 ’
96 367 214 406 velim
234 368 289 415 M,
317 367 504 418 gaudeam
527 368 570 413 G,
598 365 773 404 saltando
801 377 886 403 eam
906 366 951 403 E.
996 365 1120 414 uncle]
1149 365 1195 403 de
1223 378 1298 416 qua
1325 365 1445 403 fovea.

97 426 316 476 emerqam]
357 437 503 464 exeam.
556 423 609 464 18
642 423 862 474 spectator]
897 424 1178 476 considerator,
1211 423 1444 475 speculator.

98 483 151 523 19
179 487 219 524 in
246 487 324 524 hac
350 483 581 533 commotus]
610 483 707 522 hanc
736 484 847 534 coepi
873 495 1014 521 amare.
1060 481 1115 521 20
1132 483 1241 532 forte
1256 482 1444 532 fortuna]

96 556 189 582 casu
226 543 286 581 vel
322 544 496 581 fortuitu.
560 541 613 580 22
650 541 905 591 summonuz't]
949 541 1112 579 silenter
1152 541 1446 579 velsubtiliter

96 602 295 640 admonuit
334 602 393 639 vel
434 601 640 639 consilium
680 601 797 639 dedit..
853 598 908 639 29
948 600 1096 650 tamen]
1137 597 1319 638 ironieos.
1382 600 1446 637 hio

94 673 165 711 pro
196 660 379 699 videlicet
410 665 540 711 potest
572 661 709 711 accipi,
742 661 831 710 quia
864 659 1095 710 completiva
1123 660 1347 697 coniunctio
1375 664 1444 697 est.

95 718 150 758 32
166 719 303 769 miser]
320 719 610 770 congaudendo.
640 716 695 757 34
715 717 915 767 noviciae]
937 720 1090 756 noviter
1103 718 1160 756 illi
1175 718 1296 756 datae.
1325 720 1444 756 ador-

93 778 210 828 nant]
238 783 471 829 praeparant
496 777 690 816 balneum.
738 775 792 815 35
821 780 861 815 e'n
888 776 1089 826 conclavi]
1118 779 1158 815 in
1185 776 1365 815 cubiculo
1386 776 1446 814 vel

94 838 283 875 interiore
317 837 443 875 domo.
495 835 553 876 37
572 836 759 885 Danaae]
788 835 916 873 Danae
951 835 1028 873 filia
1060 836 1133 874 fuit,
1159 836 1301 874 Acrisii
1328 837 1445 886 regis,

95 897 162 946 qui
194 908 283 934 cum
316 897 474 934 timeret
506 895 625 947 filiae7
664 908 712 933 ne
745 895 951 933 vitiaretur
983 907 1003 932 a
1035 895 1141 946 Iove,
1174 907 1326 933 summo
1360 894 1445 945 (leo,

94 956 147 992 ita
179 961 219 993 ut
248 967 383 993 omnes
410 954 561 1006 puellae
589 954 699 1006 aliae,
731 954 823 992 fecit
848 955 990 991 turrim
1017 966 1177 991 aeneam
1205 959 1243 992 et
1269 953 1447 992 adhibuit

95 1014 290 1052 custodes.
341 1013 449 1052 Tunc
482 1013 658 1064 Iuppiter
695 1025 767 1064 per
807 1012 973 1050 imbrem
1007 1025 1169 1051 aureum
1202 1012 1444 1051 descendens

94 1074 271 1111 introivit
302 1085 373 1123 per
404 1072 554 1122 tegulas
582 1077 620 1110 et
646 1073 701 1110 sic
729 1073 877 1110 vitiavit
903 1071 1019 1109 illam.
1071 1070 1125 1110 39
1154 1071 1359 1121 inpendio]
1389 1071 1445 1109 di-

94 1131 280 1183 ligenter,
318 1131 483 1169 multum
523 1131 582 1169 vel
620 1132 795 1181 inpense.
852 1128 906 1168 41
942 1144 1019 1179 per
1052 1133 1270 1180 inplum‘um
1304 1130 1445 1179 sucum

90 1190 247 1239 factum
283 1182 466 1239 mulieri]
512 1190 551 1227 id
594 1196 650 1240 est
700 1189 987 1227 simulationem
1032 1182 1288 1240 compositam
1329 1188 1446 1239 videt,

95 1250 207 1300 quasi
238 1248 369 1300 pluvia
401 1253 516 1287 esset.
566 1248 796 1300 impluvium
829 1253 888 1285 est
918 1248 1004 1300 hoc,
1037 1248 1139 1298 qnod
1172 1261 1242 1299 per
1274 1248 1446 1299 pluviam

68 1309 201 1346 'venit
241 1312 279 1345 et.
316 1320 395 1345 non
433 1313 492 1346 est
524 1320 614 1345 vera
646 1307 785 1358 pluvia.
838 1304 895 1346 46
928 1313 986 1346 sto
1019 1306 1275 1356 exspectans]
1310 1311 1444 1357 utpote

93 1367 282 1405 novicius.
314 1364 369 1406 47
385 1366 462 1416 sie]
479 1371 516 1404 et
532 1366 703 1404 ostendit
722 1366 830 1417 mihi7
851 1365 1018 1416 qualiter
1039 1366 1166 1404 facere
1186 1365 1382 1404 deberem.
1400 1367 1444 1404 E.

95 1423 152 1464 50
179 1427 337 1464 asinum
362 1425 532 1474 tantum]
560 1430 722 1476 propter
748 1425 942 1463 luxuriam
970 1426 1123 1463 asinum
1150 1437 1240 1463 eum
1266 1424 1446 1475 appellat,

95 1485 207 1534 quasi
248 1484 415 1521 diceret:
460 1483 597 1522 vellem
637 1496 678 1521 os
718 1489 826 1522 tuum
864 1483 1015 1535 videre,
1054 1483 1179 1534 qualis
1217 1489 1323 1521 esset
1354 1489 1444 1521 tuus

96 1548 237 1594 status,
277 1542 431 1592 quando
470 1542 667 1580 flabellum
698 1541 877 1593 tenebas,
917 1543 1100 1592 quoniam
1137 1547 1272 1593 utpote
1311 1543 1444 1580 asinus

95 1602 141 1639 ad
187 1601 465 1639 admixtionem
511 1603 674 1639 seminis
718 1606 756 1639 et
806 1600 953 1639 ssuxum
998 1606 1156 1651 paratus
1207 1613 1304 1639 eras.
1344 1601 1443 1639 DM.

97 1658 149 1698 51
170 1665 377 1709 proruunt
407 1659 465 1709 se]
500 1672 587 1698 cum
616 1662 765 1710 impetu
792 1672 832 1697 se
860 1661 1054 1698 emittunt.
1093 1658 1148 1698 52
1165 1659 1443 1709 perstrepunt]

96 1720 305 1769 strepitum
338 1719 496 1757 faciunt.
547 1717 602 1758 53
630 1718 750 1768 limis]
784 1720 898 1757 tortis
931 1719 1054 1757 oculis
1082 1724 1117 1757 et
1144 1713 1393 1769 transversis,
1425 1730 1446 1756 a

94 1777 229 1816 limine
262 1779 302 1816 in
328 1782 552 1816 transverso
580 1779 718 1828 posito
758 1777 872 1816 limos
899 1777 1032 1815 oculos
1059 1778 1225 1816 dicimus
1254 1779 1444 1815 in.t1·ans-

69 1848 252 1874 -vcrsum
279 1837 525 1887 aspicientes
561 1835 617 1876 5ss
640 1836 794 1886 faleor]
817 1849 878 1874 me
900 1837 1059 1875 fatuum.
1083 1838 1126 1875 E.
1173 1835 1228 1876 58
1251 1839 1283 1875 is
1303 1836 1442 1885 essem]

95 1895 298 1933 eunuchus
336 1907 482 1947 essem,
521 1897 598 1933 nisi
636 1895 707 1933 hoc
748 1895 940 1934 fecissem.
997 1894 1053 1935 60
1081 1895 1215 1945 frum]
1261 1895 1366 1933 utilis
1399 1896 1459 1946 J),-

95 1966 246 2004 parcus.
297 1951 354 1993 60
386 1954 588 2004 libertum]
622 1954 787 1992 libertus
820 1954 975 2005 dicitur,
1008 1956 1075 2005 qui
1103 1967 1191 1993 cum
1219 1956 1270 1992 sit
1296 1966 1444 2005 servus,

93 2012 265 2050 libertati
306 2012 490 2064 donatur,
541 2012 748 2051 libertinus
792 2013 894 2051 filius
943 2013 1084 2052 liberti.
1138 2014 1190 2051 M.
1260 2012 1442 2062 Discum]

95 2072 299 2122 proprium
332 2083 486 2109 nomen.

190 2222 210 2252 2
242 2229 350 2253 nemo
382 2218 444 2253 hic
476 2220 634 2253 est-mn.
660 2219 708 2254 D.
861 2224 904 2254 22
937 2221 1088 2265 propter
1123 2215 1155 2255 e't
1186 2230 1270 2254 eum
1302 2231 1365 2254 om.
1395 2220 1444 2255 D.

95 2270 139 2301 23
171 2277 211 2301 os
246 2266 367 2311 tuum]
400 2265 513 2300 istum
543 2266 589 2301 D.
665 2267 775 2312 tuus]
801 2266 878 2301 eius
905 2268 953 2302 D.
1083 2270 1127 2300 ‘24
1159 2267 1312 2302 tenebat
1344 2268 1442 2302 DM.

98 2317 142 2348 25
169 2313 307 2347 fluxum
328 2312 382 2357 M,
409 2313 432 2346 fl
436 2341 539 2349 .....
567 2313 615 2348 D.
923 2328 926 2331 ’
1349 2341 1354 2346 .

1475 726 1517 757 10

1476 1019 1528 1050 15·

1471 1608 1533 1647 25,

1471 1903 1518 1934 30
