1681 2576
168 108 223 153 88
579 105 872 159 Commentarius
898 103 1094 148 antiquior.

774 216 836 268 III,
862 213 900 255 5.

258 289 429 327 Audiens
463 299 482 325 a
515 292 637 338 patre,
670 287 772 337 quod
803 286 930 325 Davus
964 287 1115 324 dixerat
1141 297 1187 324 ex
1214 284 1392 335 Glycerio
1420 296 1509 323 eum

170 348 314 387 habere
346 358 525 398 puerum,
557 347 680 384 iratus
707 345 918 396 quaerebat
944 345 1053 383 11111111
1079 343 1313 395 Pamphilus.
1371 341 1394 381 1
1427 355 1509 382 sce-

172 407 249 457 lus]
283 406 522 445 exclamatio.
571 404 769 454 perdidit]
804 405 1033 456 accusando,
1064 403 1223 441 hortans
1255 414 1417 441 uxorem
1449 414 1512 440 ac-

125 474 144 504 5
173 468 315 518 cipere.
365 463 496 514 perii]
530 463 692 502 audiens
719 463 962 513 Pamphilum
988 463 1114 501 Davus
1145 464 1198 500 ita
1224 462 1436 499 minantem
1469 473 1510 498 se

173 524 343 564 dicebat:
381 524 492 574 perii.
555 521 580 561 3
609 521 759 572 futtili]
799 527 950 560 secreta
986 533 1064 560 non
1102 522 1328 559 continenti.
1385 519 1512 557 futtile

173 589 302 623 autem
339 595 405 621 vas
447 594 468 620 a
506 581 832 632 fundendohoc,
874 581 976 631 quod
1019 582 1218 619 continere
1257 591 1335 617 11011
1372 582 1511 630 potest.

172 643 263 681 inde
305 647 365 680 est
406 641 522 679 homo
560 640 711 678 futtilis.
781 636 810 677 4
845 639 1037 689 pretium]
1082 639 1237 690 dignam
1278 637 1515 689 mercedem,

173 703 344 754 pretium
384 702 425 738 in
463 699 563 738 malo
603 700 773 750 ponitur.
844 696 898 737 10
936 697 1026 748 elio]
1068 699 1289 736 interiectio
1327 697 1512 735 vocantis.

105 768 147 799 10
175 763 274 800 bone
308 759 392 809 vir]
427 760 587 797 ironice.
651 756 704 796 12
743 756 898 807 nempe]
938 756 1162 795 deridendo.
1225 756 1292 806 oli]
1335 756 1513 794 ridentis.

170 818 368 869 furcifer]
402 818 563 856 furcifer
589 821 718 855 autem
745 820 804 854 est
835 816 1033 854 furcarum
1063 815 1236 866 patibulo
1269 815 1422 865 dignus,
1454 813 1513 851 vel

175 880 324 917 furcam
356 888 571 928 poenarum
604 876 745 914 ferens.
805 873 857 914 16
892 874 1118 924 dispiciam]
1153 874 1360 924 diligenter
1392 874 1514 923 inspi-

177 939 276 975 ciam
309 935 465 986 aliquod
498 934 718 986 consilium,
750 946 826 985 quo
858 933 982 972 libero
1014 938 1063 971 te.

785 1051 844 1104 iv,
872 1050 907 1090 1.

108 1133 149 1164 15
263 1125 333 1163 Isti
359 1124 527 1162 Charino
553 1124 791 1161 renuntiavit
816 1122 963 1174 Byrria,
990 1123 1074 1159 eius
1102 1133 1249 1172 servus,
1277 1119 1379 1171 quod
1404 1119 1516 1157 Pam-

176 1184 305 1236 philus
332 1184 526 1234 aeciperet
551 1182 832 1233 Philumenam,
859 1193 974 1232 quam
1000 1181 1235 1232 promiserat
1257 1191 1298 1217 se
1318 1191 1397 1217 non
1424 1178 1516 1216 duc-

176 1250 319 1282 turum.
368 1242 520 1280 Vadens
547 1246 677 1280 autem
708 1242 792 1292 ipse
814 1240 1005 1279 Charinus
1038 1239 1084 1277 ad
1107 1238 1350 1289 Pamphilum
1382 1237 1514 1287 loque-

176 1303 291 1341 batur
316 1302 390 1340 hoc
417 1307 551 1339 secum
576 1302 616 1338 in
645 1301 798 1338 itinere.
830 1300 930 1337 DM.
958 1321 1012 1325 —
1039 1297 1110 1336 Hic
1137 1297 1327 1336 Charinus
1354 1296 1516 1334 audiens

176 1360 422 1412 Pamphilum
460 1359 536 1398 51111
576 1360 783 1397 11161111111111
822 1358 869 1396 de
906 1370 1027 1396 uxore
1066 1356 1209 1395 aiebat:
1252 1356 1415 1394 hoccine
1457 1360 1519 1393 est

107 1429 152 1460 20
179 1421 271 1471 [cet.
298 1431 388 1459 cum
416 1418 494 1468 M].
558 1417 583 1456 2
617 1416 824 1467 vecordia]
862 1417 1016 1455 duritia.
1072 1427 1231 1454 vaecors
1264 1415 1408 1453 dicitur
1439 1426 1518 1452 non

178 1480 278 1518 bene
305 1478 499 1529 cordatus,
530 1489 619 1515 nam
644 1489 713 1514 vae
745 1488 815 1527 pro
842 1488 920 1514 non
952 1476 1121 1526 ponitur.
1173 1472 1198 1512 3
1226 1478 1345 1522 atque
1376 1485 1427 1512 ea:
1459 1475 1517 1511 in-

179 1536 410 1587 commodis]
443 1542 487 1575 ut
517 1541 725 1574 mercetur.
771 1536 883 1585 quasi
915 1534 1079 1572 diceret:
1116 1546 1163 1571 an
1194 1533 1267 1571 hoc
1301 1537 1360 1570 est
1392 1531 1519 1570 credi-

179 1597 275 1649 bile,
312 1601 356 1635 ut
392 1596 558 1634 laetetur
591 1596 678 1643 quis
716 1595 756 1632 in
794 1593 976 1632 felicitate
1013 1605 1081 1631 sua
1120 1605 1166 1630 ex
1204 1591 1432 1630 infelicitate
1465 1590 1519 1628 al-

179 1658 315 1695 terius,
361 1653 386 1694 6
409 1653 562 1704 pudor]
589 1652 833 1692 verecundia.
874 1651 1057 1701 paulum]
1085 1651 1249 1689 modice.
1282 1649 1373 1688 illuc
1394 1649 1521 1687 tendit

111 1724 154 1755 25
180 1717 255 1754 ista
279 1715 484 1765 sententia,
510 1714 600 1764 quia
620 1711 844 1763 Pamphilus
864 1711 1052 1749 debuerat
1071 1709 1339 1760 verecumlari,
1365 1708 1520 1758 quando

180 1775 417 1826 promiserat
442 1772 609 1811 Charino
636 1771 905 1810 Philumenam
937 1781 1015 1807 11011
1047 1769 1202 1807 ducere.
1255 1766 1278 1807 8
1313 1766 1519 1816 aperiunt]

181 1832 443 1871 manifestant.
500 1829 525 1870 9
554 1829 718 1880 premit]
752 1830 855 1879 cogit
886 1840 964 1866 eos.
1023 1825 1077 1866 10
1109 1826 1186 1876 ibi]
1219 1828 1260 1864 in
1292 1825 1520 1876 denegando

183 1897 221 1930 et
253 1890 615 1942 comprehensione,
647 1888 749 1939 quod
775 1887 913 1926 nolunt
944 1887 1084 1938 facere,
1117 1898 1214 1937 quae
1247 1886 1521 1936 promiserant.

185 1949 238 1990 13
271 1949 355 1999 hic]
387 1949 427 1987 id
460 1953 519 1987 est
549 1952 638 1999 post
668 1948 972 1998 promissionem
997 1946 1212 1996 mentitam,
1244 1943 1312 1982 uhi
1338 1956 1435 1995 opus
1463 1948 1523 1981 est

113 2019 156 2050 30
183 2008 450 2048 verecundari.
507 2019 584 2047 non
616 2005 824 2056 verentur]
858 2005 897 2043 id
930 2009 989 2043 est
1019 2017 1098 2046 non
1129 2000 1456 2054 verecundantur,
1488 2003 1522 2040 51

184 2068 261 2107 fide
294 2067 388 2105 salsa
420 2066 668 2117 redargueris
700 2064 798 2103 illos.
843 2063 941 2114 illic]
975 2063 1012 2101 id
1047 2068 1106 2102 est
1137 2067 1344 2113 antequam
1375 2060 1523 2111 aliquid

184 2128 431 2179 promittant,
468 2125 536 2164 11111
572 2124 670 2163 nihil
707 2136 805 2174 opus
842 2128 902 2161 est
931 2122 1205 2172 verecundari,
1243 2121 1426 2171 quoniam
1457 2131 1522 2157 ex-

186 2187 428 2224 cusationem
459 2188 641 2235 poterant
672 2183 775 2221 dare.
839 2183 895 2221 ibi
924 2180 1130 2230 verentur]
1168 2180 1210 2218 id
1240 2184 1299 2218 est
1328 2179 1384 2217 ihi
1414 2190 1524 2216 vere-

282 2302 301 2332 6
329 2296 549 2342 continenti]
566 2295 739 2340 *servanti
764 2295 866 2330 DM.
887 2315 929 2320 ——
944 2294 1052 2329 futile
1079 2298 1110 2328 et
1133 2292 1254 2327 futilis
1282 2292 1318 2328 G.
1391 2294 1411 2325 8
1438 2290 1524 2325 inde

187 2367 230 2372 —
256 2344 392 2380 futtilis
419 2356 483 2380 om.
509 2344 558 2379 D.
656 2346 700 2377 20
726 2353 852 2377 vecors
879 2342 934 2377 M.
1029 2345 1072 2376 21
1099 2351 1144 2375 ve
1170 2340 1224 2376 M.
