1681 2576
142 705 183 734 10

143 998 184 1027 15>

150 1880 194 1911 30

212 34 232 73 1
240 32 294 74 66
626 31 919 67 Commentarius
945 31 1136 66 recentior.

210 143 461 195 respondere,
493 155 571 181 non
597 144 800 180 materiam
828 143 1025 180 inventam
1052 146 1222 192 tangere.
1271 142 1553 193 improperium

210 204 330 253 igitur
354 201 527 253 timebat,
554 214 601 239 ne
627 206 762 239 contra
788 205 1041 251 praeceptum
1062 200 1179 238 Tullii
1205 200 1409 238 exordium
1435 202 1552 239 nimis

210 261 368 311 longum
407 265 528 311 esset,
571 259 658 297 ideo
697 264 787 310 post
823 258 1029 309 prologum
1065 271 1153 297 eum
1186 258 1290 296 aliud
1323 259 1554 310 opusculum

211 319 447 369 subiungere
487 319 676 369 oportuit,
720 319 761 355 in
800 330 875 368 quo
916 317 1132 369 suppleret,
1177 317 1280 367 quod
1317 319 1357 355 in
1393 317 1554 369 prologo

211 379 337 417 facere
369 390 448 415 11011
479 378 615 427 potuit.
667 381 705 414 et
736 376 831 414 haec
864 381 923 414 est
955 378 1066 427 ratio,
1100 388 1220 426 quare
1252 381 1341 426 post
1372 376 1555 427 prologos

211 440 438 487 argumenta
465 437 543 474 sint
569 434 776 474 scribenda
803 440 841 472 et
866 434 1040 485 legenda.
1095 436 1127 473 si
1153 434 1297 473 desunt
1324 440 1413 485 post
1440 447 1556 486 quos-

210 496 297 533 dam
329 494 528 546 prologos,
567 499 606 532 et
637 494 812 532 Terentii
844 495 1055 531 auctoritas
1089 493 1135 531 de
1168 493 1241 531 1106
1274 495 1486 545 consentit,
1523 495 1556 532 si

211 554 368 604 quidem
400 555 440 591 in
471 552 737 603 Adelphorum
769 551 992 590 comoediae
1024 551 1185 602 prologo
1220 552 1332 590 dicit:

487 623 635 661 Dehinc
667 635 715 661 ne
750 624 964 673 expectetis
998 627 1282 674 argumentum,

210 696 248 733 id
276 700 335 733 cst
362 696 463 743 sicut
494 699 582 744 post
613 694 852 744 praemissos
884 692 1066 743 prologos
1094 693 1299 731 subiuncta
1327 698 1417 731 sunt
1443 705 1556 743 argu-

210 759 358 805 menta,
397 755 449 791 ita
481 765 529 791 ne
562 752 625 790 hic
659 753 874 802 expectetis
907 758 1198 803 argumentum,
1234 754 1323 802 quia
1356 764 1435 790 non
1468 751 1559 789 sub—

210 815 406 863 iungetur.

299 870 453 909 Titulus
492 871 693 920 expositus
732 874 854 920 esset,
897 870 930 906 si
969 869 1134 906 adesset.
1198 868 1267 907 sed
1300 869 1427 920 deest,
1470 870 1558 919 quia

210 930 407 968 Lanuvius
446 933 484 967 et
522 928 733 979 complices
773 929 857 965 eius
896 927 1052 978 quidam
1088 929 1260 978 primum
1299 927 1558 966 abstractione

213 989 313 1040 apud
346 988 541 1026 Romanos
574 986 719 1025 aediles
752 986 792 1024 id
825 987 1058 1038 effecerunt,
1097 998 1145 1024 ne
1184 988 1225 1024 in
1260 986 1359 1024 113116
1391 985 1561 1037 titulum,

212 1049 279 1098 qui
305 1049 461 1097 signum
488 1046 839 1085 commendationis
866 1049 936 1095 est,
963 1050 1216 1095 apponerent.
1270 1045 1338 1083 sed
1363 1056 1407 1082 ea
1431 1045 1580 1083 audita*

212 1112 248 1145 et
274 1105 465 1144 aedilibus
489 1104 719 1155 complacita
740 1109 778 1142 et
804 1116 875 1155 per
895 1103 1128 1154 Calliopium
1148 1105 1311 1142 recitata
1331 1103 1558 1141 Terentium

213 1167 430 1216 sapientem
456 1169 495 1202 et
520 1163 796 1215 philosophum
822 1162 1040 1201 iudicantes
1067 1164 1107 1200 in
1135 1162 1392 1213 sequentibus
1420 1162 1561 1200 fabulis

213 1223 534 1263 commendandis
567 1222 841 1273 apponendum
873 1221 1031 1259 titulum
1064 1233 1150 1259 esse
1182 1221 1466 1259 iudicaverunt.

300 1282 370 1320 His
409 1282 524 1319 dictis
566 1281 612 1319 ad
657 1281 827 1318 litteram
869 1280 1111 1318 accedamus.
1184 1281 1284 1317 sicut
1325 1280 1563 1330 praenotavi,

214 1346 349 1380 auctor
374 1343 447 1379 iste
475 1342 516 1378 in
542 1339 715 1391 prologis
743 1341 824 1377 suis
852 1339 955 1377 aliud
983 1339 1047 1376 dat
1074 1339 1245 1376 officium
1271 1350 1386 1389 quam
1413 1337 1563 1390 debeat,

213 1401 287 1439 1106
321 1399 488 1451 scilicet,
531 1399 771 1450 respondere
810 1398 953 1435 invidis
987 1398 1085 1448 suis,
1128 1398 1194 1448 qui
1227 1409 1341 1435 aures
1376 1397 1512 1448 populi
1544 1409 1564 1434 a

216 1459 429 1498 comoediis
456 1457 683 1496 avertebant
710 1457 886 1495 dicentes
913 1468 1003 1494 eum
1029 1455 1127 1494 nihil
1153 1468 1201 1494 ex
1228 1468 1296 1494 sua
1322 1462 1431 1506 parte
1460 1456 1564 1506 dare,

217 1518 285 1556 sed
305 1518 432 1556 surem
450 1522 489 1555 et
508 1518 766 1567 interpretem
784 1527 870 1553 esse
889 1519 927 1553 et
947 1514 1088 1553 multas
1108 1516 1372 1553 contaminare
1393 1526 1565 1565 graecas,

173 1586 184 1592 “
218 1578 310 1615 dum
336 1588 480 1627 paucas
501 1576 648 1613 faceret
673 1574 823 1613 latinas.
869 1574 1044 1624 loquitur
1069 1578 1200 1611 autem
1225 1585 1304 1611 non
1327 1575 1368 1611 in
1389 1585 1457 1611 sua
1477 1585 1565 1624 per-

219 1648 324 1687 sona,
351 1635 421 1673 sed
445 1636 485 1672 in
510 1646 679 1685 persona
701 1633 880 1683 Calliopii
904 1634 1125 1671 recitatoris
1147 1637 1185 1670 et
1210 1632 1284 1675 hoe
1304 1632 1351 1670 ad
1377 1633 1566 1670 maiorem

220 1696 282 1733 sui
309 1693 698 1732 commendationem.
746 1691 1093 1730 commendabilior
1119 1692 1224 1729 enim
1252 1690 1472 1728 ostenditur
1498 1690 1565 1728 ali-

220 1755 333 1792 cuius
364 1764 545 1803 persona,
578 1764 667 1790 cum
699 1763 770 1802 per
797 1750 915 1788 alium
946 1749 1136 1800 laudatur,
1169 1761 1285 1800 quam
1312 1751 1347 1787 si
1372 1761 1413 1787 se
1440 1751 1566 1799 ipsam

222 1811 409 1851 laudaret.
473 1811 565 1848 facit
603 1814 833 1860 sequentem
871 1808 1076 1860 prologum
1109 1808 1155 1846 ad
1189 1807 1418 1859 captandam
1449 1807 1567 1846 hene-

221 1871 431 1909 volentiam
454 1869 588 1920 populi
607 1868 783 1919 Romani,
811 1879 926 1918 quam
947 1867 1045 1905 dixit
1065 1866 1214 1905 Tullius
1236 1871 1418 1917 quattuor
1440 1866 1567 1904 modis

223 1930 387 1981 captari,
426 1941 447 1966 a
479 1940 548 1966 sua
579 1928 739 1978 propria
770 1938 956 1977 persona,
995 1938 1083 1964 cum
1120 1938 1205 1963 eam
1237 1925 1407 1963 ostendit
1437 1924 1568 1963 lauda-

222 1989 354 2040 bilem,
381 2000 401 2025 a
426 1999 595 2038 persona
622 1986 847 2037 adversarii,
875 1997 963 2023 cum
987 1997 1071 2023 eam
1093 1984 1265 2022 ostendit
1285 1983 1569 2035 detestabilem,

323 2130 352 2159 1.
388 2129 406 2158 2
452 2122 716 2168 improperium
760 2121 875 2166 igitur
917 2120 1078 2155 timebat
1119 2121 1181 2166 ne]
1227 2119 1352 2164 imppe
1390 2130 1418 2153 6.
1456 2120 1570 2155 tam.‘?

228 2177 247 2206 3
274 2172 358 2206 ideo
384 2173 490 2216 post?
569 2177 588 2205 ὁ
615 2173 752 2214 quare?
833 2172 852 2202 6
881 2167 912 2202 si
938 2168 1073 2202 desunt,
1099 2188 1141 2192 ——
1169 2168 1206 2201 et
1232 2165 1397 2201 Terentii
1420 2167 1568 2201 incerta.

229 2224 272 2253 13
300 2218 454 2263 expoio?
571 2220 613 2251 15
641 2228 698 2261 ap.
725 2226 809 2250 roas
841 2215 881 2249 id
907 2214 1082 2249 edificant-
1113 2225 1158 2248 ne
1185 2213 1224 2247 in
1248 2213 1284 2249 h.
1401 2217 1444 2247 17
1471 2213 1572 2247 aedi-

228 2266 350 2301 libus?
448 2268 489 2298 31
519 2263 685 2310 captari?
