1681 2576
566 103 598 134 2.
635 99 695 133 Ad
718 99 949 134 Eunuchum.
1379 99 1433 140 57

177 210 294 248 Andr.
315 210 373 262 IV,
393 207 432 262 5,
455 208 508 248 12
535 211 648 249 haud
666 209 893 259 auspicato]
918 209 1145 248 adverbium
1166 214 1226 247 est
1245 209 1317 248 hoc
1338 208 1436 261 loco,

88 274 132 307 ut
163 268 364 308 Prisciano
396 268 523 320 placet
556 267 618 320 [11,
638 266 724 317 68].
770 269 816 307 E.

99 371 101 373 ,
179 356 233 360 —
266 333 307 386 V,
330 332 367 385 1,
387 332 413 372 6
444 345 547 383 prae
577 331 727 382 studio]
760 344 853 383 prae
885 332 947 371 hic
980 345 1050 384 pro
1085 332 1131 371 ab
1164 332 1437 383 accipiendum

92 397 152 430 est
177 392 379 431 Prisciano
405 392 657 442 grammatico
684 396 797 443 teste,
830 391 933 442 quod
960 393 1001 429 in
1027 391 1109 430 XIV
1132 391 1231 430 libro
1259 391 1437 430 eiusdem

89 452 266 489 invenies
300 450 362 501 [II,
383 448 469 499 50].
514 451 562 490 D.
1484 457 1505 488 5

181 537 234 541 —-
256 514 297 566 V,
316 513 356 566 4,
378 512 434 553 30
454 517 595 563 arriqe
616 514 755 564 aures]
777 514 816 552 id
837 520 897 553 est
917 515 964 553 ad
984 515 1232 553 audiendum.
1265 521 1436 553 arrectas

91 575 195 612 enim
223 585 336 611 aures
361 573 528 612 dicimus
555 573 601 611 ad
628 573 865 612 audiendum
892 573 1080 612 sollicitas
1110 573 1326 612 secundum
1347 573 1436 611 Ser-

93 634 197 671 vium
229 633 269 670 in
301 632 371 670 XII
396 633 488 670 Aen.
524 630 657 682 [618]
705 633 752 671 D.

525 790 563 825 2.
608 789 681 824 Ad
711 788 1000 825 Eunuchum.

179 878 276 917 Eun.
303 878 400 929 prol.
424 877 536 917 1—3
564 880 611 917 Sz'
639 881 850 927 quisquam
883 878 973 929 eta]
1007 879 1171 929 figurate
1197 878 1439 930 intellegitur
1468 886 1511 917 10

93 937 209 976 simul
236 939 438 988 coniungi:
466 939 498 975 si
526 939 734 988 quisquam
760 943 832 989 est,
859 939 926 988 qui
953 938 1109 988 placere
1136 938 1289 977 studeat
1314 937 1440 990 bonis,

93 1002 149 1035 et:
181 998 222 1034 in
248 996 309 1034 his
336 1001 450 1047 poeta
477 1001 617 1034 cetera.
662 1008 786 1034 unum
818 997 1081 1048 singulariter,
1113 996 1279 1036 alterum
1309 996 1440 1047 plura-

92 1055 183 1093 liter
216 1055 396 1106 effertur,
434 1060 479 1093 ut
516 1057 556 1093 in
589 1057 882 1094 constructione
915 1055 1107 1094 Prisciani
1145 1062 1205 1094 est
1240 1057 1440 1106 cognitum

94 1113 156 1166 [II,
178 1112 292 1164 184}
337 1115 383 1153 E.

181 1201 236 1205 —
271 1176 325 1217 32
359 1181 399 1217 in
432 1179 675 1217 Eunuchum
707 1178 838 1228 suam]
873 1179 1038 1217 alterum
1072 1191 1160 1217 cum
1193 1178 1314 1217 altero
1347 1191 1439 1216 con·
1468 1184 1511 1215 15

94 1238 211 1276 struit
236 1249 380 1287 genere
407 1239 448 1275 in
474 1237 709 1275 Eunuchum
736 1249 846 1275 suam
873 1237 1019 1289 dicens,
1051 1238 1229 1275 referens
1252 1238 1324 1275 hoc
1351 1250 1440 1288 pro-

93 1308 237 1335 nomen
269 1296 316 1334 ad
349 1296 591 1334 comoediam
624 1308 750 1347 suam,
787 1302 831 1334 ut
863 1298 902 1334 in
941 1297 1074 1347 priore
1106 1295 1205 1334 libro
1239 1302 1440 1335 construc—

95 1356 216 1394 tionis
248 1354 473 1393 Priscianus
506 1355 620 1393 docet
653 1353 852 1407 [11,186].
902 1356 945 1394 G.
966 1356 1012 1393 E.

183 1442 237 1446 ——
271 1419 299 1472 Ι,
327 1418 364 1471 1,
390 1418 414 1458 3
447 1419 723 1469 meretricum]
764 1419 955 1458 invidiose
994 1421 1135 1457 transit
1168 1419 1214 1458 ad
1250 1419 1441 1470 pluralem

94 1490 316 1530 numerum,
347 1483 390 1516 ut
414 1478 600 1528 Virgilius
632 1480 672 1516 in
702 1478 736 1516 II
761 1479 853 1517 Aen.
883 1476 1023 1528 [155]:
1057 1490 1251 1529 ensesque
1283 1478 1442 1517 nefandi
1468 1485 1514 1517 20

98 1537 314 1576 secundum
347 1537 536 1575 Servium.
582 1538 628 1575 D.

185 1624 238 1628 —
270 1601 298 1654 Ι,
327 1600 363 1653 1,
390 1599 446 1640 20
485 1613 610 1649 essone
642 1604 749 1640 illam
782 1600 873 1651 etex]
913 1614 1035 1652 egone
1069 1601 1173 1640 illam
1206 1602 1345 1652 digner
1376 1602 1441 1640 ad-

95 1667 213 1699 ventu
240 1672 340 1712 meo,
373 1672 471 1711 quae
503 1659 611 1698 illum
644 1662 871 1711 praeposuit
897 1661 1004 1711 mihi,
1038 1673 1134 1711 qnae
1162 1673 1224 1699 me
1252 1673 1329 1699 non
1357 1673 1441 1700 sus-

97 1721 200 1771 cepit
231 1719 329 1771 heri,
363 1719 579 1757 secundum
611 1718 855 1758 priscianum
893 1719 955 1771 [II,
985 1718 1098 1769 111].
1149 1720 1186 1758 0.

185 1807 239 1811 -
266 1784 294 1836 Ι,
315 1782 354 1836 2,
375 1782 428 1823 18
457 1796 562 1833 prae
583 1796 720 1823 amore
739 1784 934 1834 exclusit]
962 1783 1091 1822 aliter:
1119 1785 1335 1823 secundum
1358 1785 1442 1823 Pri·
1469 1793 1514 1824 25

97 1845 271 1882 scianum
298 1844 594 1893 grammaticum
621 1855 713 1894 prae
735 1856 805 1894 pro
832 1842 879 1881 ab
906 1845 1052 1895 accipe,
1078 1848 1119 1881 ut
1146 1845 1213 1882 sit:
1240 1843 1286 1882 al·
1311 1856 1441 1882 amore

98 1901 264 1941 exclusit
296 1902 400 1940 hunc
433 1902 547 1954 foras,
580 1903 620 1939 in
651 1901 734 1940 xlv
767 1901 829 1954 ΠΙ,
850 1899 935 1952 50].
984 1903 1027 1941 D.

186 1989 240 1993 ——
268 1967 295 2019 Ι,
316 1965 354 2020 2,
376 1964 430 2005 23
458 1966 619 2016 audivi]
652 1978 723 2017 pro
757 1966 872 2005 audio
905 1966 965 2005 vel
998 1967 1165 2018 audiam,
1198 1972 1240 2005 ut
1272 1967 1375 2005 idem
1403 1969 1443 2005 in

98 2025 259 2063 Andria:
305 2027 338 2063 si
377 2026 470 2076 quid
513 2037 672 2064 narrare
712 2027 864 2077 occepi,
906 2038 976 2076 pro
1016 2027 1185 2078 occipio,
1227 2026 1442 2064 secundum

97 2083 343 2122 Priscianum
376 2084 423 2122 de
457 2086 749 2123 constructione
784 2083 846 2136 [11‚
870 2083 950 2123 191
986 2085 1032 2122 cs.
1061 2083 1241 2135 335sq.].
1287 2086 1333 2122 D.
1469 2093 1516 2125 30

102 2288 120 2300 .-
195 2242 214 2272 2
241 2240 283 2272 ut
309 2249 374 2273 om.
519 2242 540 2272 4
566 2238 666 2283 quod
691 2249 758 2273 om.
779 2259 822 2263 —
848 2238 887 2272 in
914 2238 980 2271 XII
1007 2239 1051 2281 cf.
1079 2239 1128 2273 ad
1156 2238 1255 2273 Eun.
1277 2239 1311 2281 Ι,
1330 2241 1368 2281 2,
1388 2242 1442 2274 18.

106 2299 116 2319 ι
148 2284 346 2332 sollicitas]
374 2285 535 2320 salictas.
659 2288 702 2318 15
729 2285 846 2320 altero
873 2297 937 2320 om.
969 2286 1013 2320 G.
1033 2305 1077 2310 —-
1099 2284 1327 2320 construitur
1355 2286 1442 2321 GE.

99 2335 142 2367 18
163 2331 376 2368 Priscianus
403 2332 513 2368 docet
541 2333 584 2377 G,
612 2333 785 2367 docemur
811 2333 856 2367 E.
956 2335 999 2366 27
1027 2331 1065 2366 in
1091 2332 1167 2367 XV.
