1681 2576
531 70 673 104 Andria
697 69 758 115 ΠΙ,
780 70 922 114 5—IV,
942 74 983 118 2.,
1369 69 1424 111 89

87 183 307 221 cundantur
338 194 416 220 non
453 183 692 232 promittere.
758 178 810 219 16
847 179 1113 230 promoveris]
1152 181 1352 232 proficies,
1391 182 1426 219 si

85 242 350 293 increpaveris
389 253 496 292 eum,
535 241 622 291 quia
660 251 739 277 non
775 240 877 277 sinet
908 244 946 277 te
985 239 1090 277 illam
1122 239 1265 277 ducere
1297 252 1425 290 neque

78 303 234 351 vpoteris
261 312 351 338 eum
376 299 529 338 laedere
556 301 594 337 in
622 297 762 349 aliquo.
821 296 882 354 17ῥ
908 301 1040 337 (mimo
1066 310 1214 337 morem
1242 298 1423 348 qessero]

86 360 125 397 id
159 365 218 399 est
249 361 373 397 vicem
412 360 447 397 ei
484 357 645 396 reddam
677 357 814 396 saltem
852 358 893 395 in
928 358 1076 409 animo,
1114 359 1205 408 quia
1237 357 1424 396 molestus

85 418 143 457 illi
175 431 252 457 ero.
305 416 358 456 23
384 416 570 467 solidum]
604 418 811 467 integrum.
863 414 919 454 24
945 416 1154 466 lactasses]
1188 416 1424 455 oblectasses

84 478 145 517 vel
182 478 385 527 deciperes
423 477 501 514 tuis
540 475 688 528 verbis7
729 475 952 514 induxisses
990 475 1181 514 suasibus.
1245 474 1299 515 26
1333 488 1424 515 con-

80 536 213 586 flavit]
248 536 487 574 coadunavit.
536 533 590 573 29
623 534 724 584 scio]
758 536 917 573 ironice.
967 532 1021 574 36
1054 534 1209 584 enicas]
1243 534 1425 573 iacularis

86 601 124 634 et
149 595 340 634 interficis
365 596 443 633 tuis
470 594 610 632 verbis
666 592 719 633 38
749 596 865 643 patri
893 593 1085 643 suadere]
1119 598 1162 632 ut
1193 593 1297 632 illam
1329 593 1426 632 mihi

85 655 205 693 daret.
261 652 315 692 41
346 652 520 703 sactum]
561 655 751 692 convertit
784 666 824 691 se
857 653 903 691 ad
936 652 1092 691 Davum.
1148 650 1204 691 43
1238 652 1327 702 eho]
1362 665 1425 690 ro-

84 715 219 752 cantis.
269 710 326 751 45
360 711 620 761 defetigatus]
654 712 880 750 delassatus.
925 710 981 751 46
1013 711 1202 761 succesit]
1236 724 1424 762 prospere

85 774 223 811 evenit.
279 769 333 810 47
364 771 512 822 primo]
546 773 740 822 primitus.
797 769 852 809 49
887 770 1018 820 immo]
1052 770 1268 809 irascendo.

695 913 753 964 lv,
781 911 817 951 2.
1352 963 1355 965 Β

173 984 396 1036 Glyceritun
426 989 515 1035 post
546 989 701 1035 partum
728 984 902 1035 audiens,
935 984 1038 1035 quod
1064 984 1288 1035 Pamphilus
1314 996 1425 1035 prae-

83 1043 243 1094 parabat
274 1045 449 1095 nuptias,
486 1044 612 1082 tristis
644 1044 752 1081 misit
783 1042 972 1094 Mysidem
1006 1043 1052 1081 ad
1084 1043 1346 1096 Pamphilum,
1384 1049 1427 1082 ut

83 1102 254 1141 disceret
285 1102 331 1140 ab
365 1115 427 1154 eo,
467 1102 560 1153 quid
592 1101 708 1140 vellet
740 1114 787 1140 ex
819 1114 951 1140 amore
984 1102 1154 1154 Glycerii
1186 1103 1246 1141 vel
1277 1104 1426 1154 nuptiis

82 1162 181 1200 ΒΜ.
204 1184 258 1188 -
285 1161 502 1211 Egrediens
528 1161 646 1211 Mysis
673 1174 695 1207 a
721 1160 898 1212 Glycerio
931 1163 1050 1200 missa
1083 1162 1246 1200 dicebat.
1285 1163 1424 1201 DMC.

82 1219 107 1258 2
123 1220 271 1270 anime]
294 1222 486 1259 comicum
506 1232 648 1258 nomen
667 1220 941 1258 indeclinabile
962 1220 1198 1259 blandientis
1220 1223 1426 1260 sermonis.

47 1277 108 1318 ·3
142 1278 287 1330 Mysis]
327 1280 548 1318 affectuose.
606 1279 740 1317 videns
779 1279 1003 1330 Pamphilus
1043 1292 1127 1318 eam
1166 1286 1374 1319 exeuntem
1406 1293 1426 1319 a

83 1338 197 1376 domo
224 1337 394 1389 Glycerii
420 1344 458 1377 et
484 1339 646 1377 audiens
673 1351 757 1376 eam
784 1340 836 1377 ita
870 1338 1094 1389 loquentem
1121 1339 1263 1378 aiebat:
1295 1339 1425 1391 Mysis.

83 1395 109 1436 ὦ
141 1397 236 1448 vah]
270 1397 447 1436 dolendo.
504 1397 529 1437 6
563 1402 719 1436 vertens
752 1410 793 1435 se
820 1397 1045 1448 Pamphilus
1079 1399 1125 1437 ad
1151 1398 1298 1437 Davum
1328 1399 1426 1437 dixit

84 1457 130 1494 ei.
176 1454 201 1495 9
229 1456 322 1506 aye]
350 1457 564 1495 irascendo.
612 1454 667 1495 10
687 1456 924 1507 propterea]
952 1463 1114 1508 propter
1133 1460 1302 1510 nuptias,
1329 1470 1426 1509 quas

85 1517 209 1553 sensit
241 1517 429 1566 apparari.
480 1514 625 1565 Mysis]
660 1516 882 1554 affectuose.
936 1514 988 1554 13
1023 1516 1198 1566 valeant]
1234 1530 1303 1567 per
1335 1529 1425 1555 con-

81 1576 248 1613 trarium
289 1580 468 1626 percant,
509 1574 770 1626 proverbium.
842 1572 895 1613 14
928 1575 1159 1626 discidium]
1203 1576 1426 1628 divortium,

83 1629 379 1684 separationem.
438 1631 492 1672 15
525 1633 735 1683 resipisco]
768 1646 857 1672 nam
890 1634 1052 1673 audiens
1086 1635 1289 1687 Charinus,
1322 1635 1425 1686 quod

82 1691 307 1744 Pamphilus
334 1692 556 1731 nullatenus
584 1692 746 1731 duceret
771 1692 1040 1732 Philumenam
1066 1692 1121 1720 '—
1150 1700 1187 1733 et
1219 1700 1330 1733 antea
1361 1708 1425 1733 ex-

32 1779 36 1783 .
83 1753 274 1791 animatus
309 1757 391 1790 erat
423 1774 477 1778 —
512 1751 682 1790 dicebat:
725 1753 801 1790 iam
838 1754 1048 1805 resipisco,
1086 1754 1124 1791 id
1162 1760 1222 1792 est
1254 1756 1426 1793 animum

81 1822 212 1849 meum
240 1812 387 1862 recipio
408 1811 466 1849 vel
488 1812 633 1850 sufficit
653 1811 760 1863 mihi,
787 1812 890 1863 quod
912 1812 1037 1850 audio.
1085 1811 1137 1853 18
1166 1816 1206 1852 in
1228 1814 1424 1864 proclive]

82 1871 122 1907 in
155 1870 372 1908 manifesto.
428 1870 612 1924 proclivis
645 1870 790 1909 dicitur
822 1883 955 1923 causa,
994 1885 1092 1922 quae
1125 1872 1191 1910 diu
1225 1872 1346 1911 celata
1379 1873 1424 1911 ad

83 1928 264 1967 ultimum
297 1926 578 1968 manifestetur.
627 1927 679 1968 19
713 1932 801 1978 quis
833 1930 988 1981 videor]
1022 1931 1238 1969 irascendo.
1285 1931 1424 1981 fortis]

82 1989 264 2026 ironicos,
303 1986 356 2026 21
379 1987 493 2039 quin]
520 1990 650 2043 iman.
690 1986 746 2028 25
767 1989 899 2039 immo]
928 1990 1089 2029 ironico.
1130 1989 1183 2029 27
1207 1990 1424 2040 dieculam]

82 2059 239 2097 parvam
260 2047 363 2085 diem
391 2052 429 2086 et
455 2049 634 2099 spatium,
660 2052 703 2086 ut
728 2048 933 2099 provideas
955 2049 1036 2087 tihi.
1084 2048 1137 2087 28
1161 2048 1289 2099 Dave]
1311 2051 1424 2088 all'ec-

82 2111 205 2144 tuose.
269 2104 321 2144 31
356 2113 397 2145 tu
430 2106 574 2157 Mysis]
614 2107 677 2145 hic
714 2108 937 2145 lnanisestz‘nt
975 2121 1016 2146 se
1056 2107 1181 2146 Davus
1220 2110 1297 2147 isse
1337 2121 1426 2148 cum

82 2164 283 2216 Pamphilo
317 2165 362 2203 ad
396 2164 629 2216 Glycerium.

179 2318 222 2348 14
249 2314 297 2348 ad
322 2313 562 2359 Pamphilum,
584 2325 648 2349 om.
671 2314 723 2348 M.

1455 722 1499 753 10

1455 1110 1499 1143 15

1452 1407 1497 1438 20

1452 2000 1498 2031 30
