1681 2576
577 77 608 108 3.
641 73 700 107 Ad
725 71 994 106 Phormionem.
1403 71 1454 111 71

200 184 353 223 Phorm.
381 176 467 237 Ι,’2,
488 181 544 223 50
569 185 681 230 vireo
709 181 813 231 ipsa]
841 181 940 219 bene
967 182 1064 232 ipsa,
1084 182 1186 232 quia,
1213 193 1310 231 quae
1338 192 1456 231 supra

112 243 221 295 dixit,
252 255 330 281 non
362 243 408 281 ad
441 244 566 293 ipsam
598 240 666 279 sed
700 239 746 278 ad
779 244 960 278 eventum
992 241 1077 278 eius
1108 239 1367 290 pertinebant.
1410 240 1456 278 E.

200 324 253 328 —
274 301 302 353 Ι,
324 300 361 353 2,
382 299 438 340 50
464 302 563 349 quid
581 300 712 339 verbis
732 297 823 348 eta]
852 300 909 337 sic
936 298 1030 337 dicit
1056 298 1276 349 Terentius,
1309 297 1376 336 ubi
1409 298 1455 336 ad

110 360 291 398 affectum
322 363 516 410 properat.
561 359 607 397 E.

199 418 301 469 -Ι,
323 417 360 469 2,
380 416 434 456 51
463 415 613 466 omnes]
647 417 737 466 quia
763 427 826 454 res
853 415 899 453 ad
926 416 1188 467 Antiphonem
1214 420 1375 453 tantum.
1409 415 1455 454 E.
1506 421 1526 453 5

199 499 253 503 —-
274 476 301 528 Ι,
323 475 360 528 2,
381 474 434 515 61
469 487 609 514 amare
635 474 782 524 coepit]
815 473 914 512 hene
948 476 1089 526 coepit,
1120 486 1198 512 11011
1228 475 1380 526 amavit,
1413 478 1455 512 ut

110 535 287 573 ostendat
308 535 386 572 vim
412 535 556 573 amoris
578 545 655 571 11011
676 544 846 585 parvam,
866 537 908 571 ut
928 545 1024 584 rem,
1045 545 1142 583 quae
1165 532 1285 571 semel
1307 533 1455 583 suscipi

106 594 243 644 possit.
288 593 333 632 E.

197 674 251 678 -—
279 673 333 678 ——
362 650 525 700 evadat]
559 650 722 689 evadere
750 655 809 688 est
834 662 906 701 per
931 649 1125 688 obstantia
1151 651 1368 700 pervenire.
1409 650 1453 688 E.

196 732 250 736 -——
278 709 305 761 Ι,
332 708 371 761 2,
397 708 451 750 62
485 709 619 759 recta]
647 714 765 760 recta,
792 710 880 759 quia
907 720 986 747 non
1012 721 1082 759 per
1109 709 1302 747 nuntium.
1347 709 1392 746 E.
1482 715 1524 746 10

196 791 250 795 -—
277 768 305 820 Ι,
333 767 371 819 2,
393 767 445 808 71
475 767 663 817 denique]
691 768 859 818 denique
886 767 1115 806 adverbium
1141 767 1302 819 ordinis,
1329 767 1367 805 id
1395 771 1454 805 est

107 826 248 865 deinde
280 827 340 865 vel
373 827 419 865 ad
451 831 706 878 postremum.
752 827 798 865 E.

195 907 249 912 -
276 885 304 938 Ι,
331 884 369 937 2,
397 883 450 925 73
490 884 621 934 homo]
660 884 775 922 homo
815 886 962 922 comice
1002 884 1185 923 additum.
1237 896 1326 923 nam
1365 885 1453 935 quis

107 945 265 994 ignoret.
292 945 506 994 parasitum
538 944 736 982 hominem
770 941 886 981 esse?
930 944 974 981 E.

195 1025 249 1029 -
277 1025 331 1029 ——
365 1001 587 1052 confidens]
621 1002 820 1041 confidens
852 1001 1066 1053 improbus.
1112 1002 1157 1040 E.
1482 1007 1524 1040 15

196 1083 249 1087 —
278 1084 331 1087 —
359 1061 444 1111 qui]
479 1062 546 1111 qui
577 1061 615 1098 id
648 1066 708 1099 est
738 1061 898 1099 utinam.
938 1066 1003 1099 aut
1034 1060 1269 1111 expletivum
1297 1065 1357 1098 est
1388 1065 1453 1098 aut

107 1131 262 1172 nomen,
278 1132 353 1170 quo
369 1121 562 1170 incipiens
577 1131 667 1157 eum
681 1119 905 1158 describere
921 1119 1123 1158 exhorruit
1138 1119 1450 1157 consideratione

102 1179 189 1217 eius
221 1183 260 1216 et
291 1179 331 1216 in
362 1178 462 1216 hanc
493 1190 628 1216 vocem
661 1179 771 1228 quasi
803 1178 989 1217 confusus
1023 1179 1163 1229 erupit.
1209 1178 1254 1217 E.

193 1259 247 1263 -
268 1236 296 1289 Ι,
317 1235 355 1288 2,
377 1235 430 1277 76
464 1239 548 1276 illos
575 1235 743 1287 ducere]
771 1237 868 1275 nihil
895 1238 999 1275 enim
1027 1236 1072 1275 ad
1100 1248 1196 1288 rem,
1223 1237 1256 1275 si
1282 1236 1451 1275 ducendi

107 1296 322 1334 necessitas
354 1307 433 1334 non
465 1300 580 1333 esset.
625 1296 670 1334 E.
1478 1301 1522 1333 20

193 1376 248 1380 ——
276 1376 329 1380 ———
357 1357 423 1393 lex
456 1353 580 1403 iubet]
614 1353 713 1392 bene
747 1353 864 1392 iubet.
904 1355 1097 1392 minorem
1135 1354 1241 1392 enim
1271 1354 1351 1391 vim
1389 1353 1449 1391 lex

104 1411 232 1464 hahet,
265 1424 362 1462 quae
395 1411 539 1462 aliquid
572 1414 775 1464 permittit,
808 1425 923 1463 quam
951 1424 1048 1462 quae
1076 1411 1224 1462 aliquid
1251 1412 1368 1450 iubet.
1402 1413 1448 1451 E.

192 1493 246 1496 —
267 1470 295 1522 Ι,
313 1469 351 1522 2,
365 1468 421 1510 80
436 1470 586 1520 omnia]
608 1471 737 1509 onmia
756 1483 835 1509 non
855 1470 1036 1522 abundat,
1058 1470 1125 1509 sed
1147 1472 1314 1509 oratorie
1337 1472 1448 1521 quasi

95 1541 181 1567 ‘am
212 1528 344 1567 multa.
389 1530 434 1567 E.

192 1609 246 1614 -—
265 1588 301 1638 Ἰ,
328 1586 366 1639 2,
393 1586 447 1627 88
480 1588 589 1636 quod
619 1588 708 1636 fors
741 1586 851 1635 feret
881 1586 972 1637 elan]
1007 1587 1280 1638 desperatione
1314 1599 1447 1626 rerum
1474 1594 1518 1626 25

106 1645 215 1684 fortis
248 1651 308 1683 est.
340 1658 486 1684 servus.
532 1647 576 1684 E.

191 1726 245 1731 —
266 1704 293 1756 Ι,
315 1702 416 1743 3.1n
448 1704 518 1742 hac
551 1716 690 1743 scaena
717 1704 824 1743 color
851 1705 949 1742 vitae
977 1710 1037 1742 est
1063 1716 1210 1755 eorum,
1238 1706 1316 1755 qui,
1344 1705 1447 1755 quod

102 1763 310 1801 immodice
337 1764 633 1815 concupierunt,
666 1768 870 1815 spernunt,
895 1768 1102 1814 postquam
1129 1764 1360 1801 invenerint.
1400 1764 1444 1801 E.

191 1843 244 1848 ——
266 1821 294 1873 Ι,
309 1819 346 1874 3,
364 1820 416 1860 12
438 1823 663 1871 expetenda
677 1821 873 1872 optanda]
890 1823 1017 1860 omnia
1039 1823 1155 1873 6111111,
1171 1834 1267 1872 quae
1283 1823 1445 1874 agimus,

102 1884 168 1917 aut
204 1880 396 1918 industria
428 1886 494 1918 aut
524 1885 612 1919 voto
650 1882 902 1932 proveniunt,
939 1880 1012 1919 hoc
1044 1886 1119 1919 est:
1164 1886 1225 1918 aut
1261 1882 1299 1918 in
1333 1880 1445 1919 nobis
1473 1889 1518 1920 30

102 1943 194 1976 sunt
226 1943 290 1977 aut
321 1939 360 1976 in
394 1940 548 1977 fortuna
580 1940 717 1990 posita.
763 1940 807 1978 E.

191 2018 245 2023 —
278 1996 305 2048 Ι,
330 1994 370 2048 4,
399 1994 452 2036 15
483 1997 573 2047 sed]
613 1997 679 2036 sed
712 2010 783 2049 pro
822 2009 925 2049 ergo.
977 1996 1196 2047 reperiam]
1240 1998 1272 2034 si
1306 2003 1444 2035 cesset.

99 2054 318 2104 quaerere]
352 2056 386 2093 si
418 2055 598 2094 ambulet.
644 2057 688 2094 E.

191 2135 245 2140 -—
273 2113 299 2165 Ι,
324 2110 364 2164 4,
391 2111 446 2153 25
479 2114 723 2165 adviqilare]
754 2114 799 2153 ad
830 2116 906 2152 vim
937 2115 1126 2153 auctivam
1154 2113 1282 2165 halwt,
1309 2119 1347 2152 ut
1379 2114 1444 2151 ad-

99 2171 287 2211 mirabile.
336 2173 382 2211 E.

196 2300 239 2330 14
253 2296 401 2342 ignorat
412 2296 513 2334 81012.
563 2300 606 2332 28
618 2297 832 2344 postquam]
848 2296 936 2342 quia
950 2296 1053 2333 stud.
1103 2300 1148 2331 34
1163 2296 1325 2331 activam
1336 2298 1443 2334 stud.
