1681 2576
159 734 202 764 10

157 1028 199 1059 15

155 1323 199 1354 20

153 1700 198 1732 25

153 1997 196 2027 30

234 86 316 127 142
643 86 935 121 Commentarius
962 85 1159 131 antiquior.

228 197 479 247 perpetuom]
514 198 720 235 continuos
755 197 852 236 duos
885 209 1017 235 annos.
1072 195 1125 236 13
1159 198 1358 248 arbitror]
1394 199 1578 238 ironicos.
1639 246 1642 248 .

233 254 287 295 15
327 255 623 305 contempsisse]
663 258 914 307 paenituisse.
981 255 1034 295 19
1074 256 1311 306 praefinito]
1363 256 1578 297 secundum

231 315 481 366 praefinitum
501 315 673 367 modum,
695 320 838 354 statuto
854 328 1041 354 concesso
1057 318 1243 366 temporess
1281 314 1336 354 20
1357 317 1577 367 commode]

232 376 520 413 convenienter.
573 372 626 413 27
655 377 692 413 sz'
717 377 757 413 in
783 386 868 414 rem
895 380 952 420 est
976 374 1213 424 Bacchidis]
1242 376 1274 412 si
1302 377 1341 412 in
1367 375 1578 414 utilitatem

230 433 334 471 illius
365 438 493 484 potest
527 433 624 472 fieri.
674 431 738 472 32
766 433 994 483 proferam]
1033 433 1200 484 publice.
1258 431 1312 472 39
1352 437 1441 473 istic
1472 435 1576 485 sum]

228 498 386 543 praesto
413 504 512 543 sum,
538 497 580 530 ut
606 492 832 531 auscultem.
882 490 949 534 40.
966 505 1055 531 cum
1081 492 1474 543 maxime]⁴videlicet
1499 506 1576 532 una

228 563 318 602 pars
340 552 384 590 E.
435 549 492 590 50
517 564 567 590 ne
587 551 783 600 utiquam]
811 563 890 589 non
916 551 1093 604 multum,
1113 564 1368 602 nequaquam.
1409 550 1464 591 59
1486 565 1576 592 cum

231 613 302 649 isto
329 609 438 660 odio]
466 622 555 648 cum
581 611 656 648 ista
682 612 978 661 importunitate
1004 612 1084 649 sive
1111 611 1301 663 molestia,
1335 613 1424 662 quia
1450 611 1575 650 filium

229 669 528 720 coegisti-aliam
545 669 688 708 ducere
705 681 819 720 quam
840 669 1083 708 Bacchidem.
1123 668 1180 709 64
1200 673 1292 719 plus
1308 669 1433 720 potis]
1451 672 1575 721 magis

228 733 385 780 potens,
415 729 461 766 'id
495 733 555 766 est
587 730 709 778 magis
743 730 966 780 continens7
1002 741 1117 780 quam
1149 729 1376 767 adolescens
1410 729 1575 780 quilibet
1615 735 1620 742 ·

228 789 375 839 DCM,
412 788 535 838 magis
567 794 725 839 potens,
757 787 870 826 aliter
900 793 1016 838 potus
1042 789 1087 826 E.
1139 787 1191 827 67
1226 787 1407 838 cupiens]
1442 789 1481 826 id
1515 794 1576 827 est

228 847 404 897 cupidus.
456 858 545 884 nam
585 847 648 885 hic.
686 859 829 885 nomen
867 852 943 898 est,
981 846 1095 885 aliter
1132 848 1354 897 genetimm
1386 859 1464 885 non
1497 854 1574 886 tra-

226 906 338 944 heret
365 907 411 944 D.
463 903 517 945 69
549 905 724 956 seducit]
753 918 930 944 seorsum
957 906 1075 944 ducit.
1129 904 1183 945 70
1210 905 1387 955 integra]
1416 908 1571 945 intacta.

230 962 285 1003 74
319 967 494 1004 ludibrio
520 964 681 1014 haberi]
708 977 780 1016 pro
814 965 1028 1003 delusione.
1078 965 1117 1003 id
1151 970 1210 1003 est
1240 976 1319 1003 non
1351 964 1474 1003 debeo
1508 965 1574 1003 de—

226 1025 420 1074 virginare
453 1023 570 1076 illam,
604 1025 693 1074 quia
724 1029 915 1075 perpetuo
947 1036 1026 1062 non
1059 1036 1145 1062 sum
1177 1024 1366 1062 ducturus
1399 1036 1574 1063 uxorem.

229 1081 281 1122 78
308 1085 383 1122 hoc
409 1083 500 1132 eqo]
527 1083 630 1121 redit
661 1083 708 1121 ad
734 1083 851 1121 verba
877 1083 1079 1134 Pamphili.
1119 1082 1330 1133 proferre]
1358 1082 1572 1133 publicare.

227 1140 283 1181 84
309 1142 489 1192 procax]
524 1142 630 1181 dura.
683 1141 737 1182 88
771 1142 1035 1192 existumans]
1076 1154 1315 1193 componens
1348 1147 1385 1179 et
1418 1142 1572 1180 consor-

225 1213 348 1253 mans,
380 1201 522 1240 durum
554 1214 595 1240 se
627 1201 851 1252 praebendo
883 1201 1068 1240 Bacchidi
1099 1206 1138 1239 et
1169 1200 1419 1239 Philumenae
1460 1200 1571 1239 beni-

226 1272 355 1311 gnum.
402 1259 456 1300 98
484 1260 546 1310 eo]
576 1273 619 1298 ea
637 1273 687 1298 -re
714 1260 773 1298 vel
795 1260 842 1298 ad
862 1273 951 1299 eum
971 1260 1111 1299 locum.
1158 1258 1241 1299 102
1264 1260 1570 1310 complusculos]

226 1319 446 1371 complures
476 1319 546 1369 [Es
578 1319 740 1370 plures]
794 1317 876 1358 109
905 1322 960 1359 ad
984 1332 1068 1358 rem
1101 1317 1294 1368 divinam]
1323 1319 1571 1358 sacrificium.

227 1377 311 1417 114
343 1378 489 1429 visere]
517 1380 687 1417 visitare.
741 1377 823 1418 118
851 1378 1056 1428 quorsum]
1091 1378 1136 1416 ad
1170 1390 1285 1429 quem
1319 1383 1511 1416 eventum.

840 1508 885 1560 11,
914 1507 949 1547 1.

312 1580 472 1631 Laches,
498 1585 609 1630 pater
624 1579 831 1631 Pamphili,
858 1591 1027 1617 noscens
1048 1578 1317 1616 Philumenam
1343 1578 1390 1616 ad
1411 1578 1570 1617 domum

224 1646 426 1690 paternam
452 1651 673 1689 regressam
698 1639 863 1676 nimium
890 1640 1012 1676 iratus
1032 1637 1264 1688 loquebatur
1283 1643 1436 1689 putans,
1463 1638 1568 1688 quod

225 1698 398 1737 Sostrata
425 1698 643 1749 pepulisset
669 1710 754 1736 eam
781 1710 850 1735 sua
877 1697 1031 1735 duritia.
1083 1696 1108 1735 2
1135 1699 1221 1735 utin
1248 1696 1397 1746 omnes]
1431 1708 1568 1735 omnes

225 1759 264 1795 in
291 1757 435 1795 malum
463 1757 635 1795 studium
662 1758 739 1794 sint
766 1758 948 1794 intentae.
993 1754 1021 1794 4
1042 1749 1160 1805 adeo]
1188 1755 1364 1793 multiun.
1408 1754 1432 1795 8
1460 1755 1565 1805 hem]

223 1818 440 1855 irascentis.
494 1814 549 1854 10
575 1818 619 1854 dl
642 1819 748 1854 mala
770 1815 1029 1865 prohibeant]
1051 1820 1094 1853 ut
1119 1820 1161 1853 tu
1186 1827 1342 1852 mecum
1362 1814 1430 1852 diu
1450 1816 1569 1853 viras.

224 1873 276 1913 21
307 1876 412 1926 ideo]
440 1875 486 1913 de
507 1874 616 1913 vobis
638 1886 770 1913 curam
791 1886 871 1925 ago,
928 1880 972 1913 ut
997 1873 1080 1924 vos]
1109 1873 1242 1925 quales
1262 1885 1328 1911 vos
1350 1878 1389 1911 et
1411 1873 1566 1912 habitus

224 1940 480 1986 sumptusque
500 1940 631 1972 vester
651 1935 726 1972 erit
746 1934 799 1972 M.
843 1931 897 1972 26
925 1932 1156 1982 aeqre'tudo]
1182 1934 1355 1971 tristitia.
1397 1931 1451 1971 27
1474 1945 1567 1972 con-

223 1996 368 2034 cedens
388 1993 513 2043 vobis]
534 1994 767 2044 permittens
788 1992 896 2029 vobis
916 1997 1149 2043 potestatem
1176 1993 1215 2030 in
1235 1992 1349 2029 domo
1370 2003 1467 2030 mea.
1505 1994 1572 2031 rez'

221 2052 417 2103 serviens]
440 2053 477 2090 id
506 2057 565 2090 est
591 2052 832 2090 substantiae
860 2056 1015 2089 nostrae
1043 2050 1347 2102 congregandae.
1394 2049 1446 2090 37
1470 2063 1566 2101 pec·

223 2114 353 2152 cando
392 2114 623 2151 detrimenti
657 2113 760 2150 nihil
789 2113 887 2158 fieri
917 2110 1062 2160 potest]
1115 2123 1205 2148 nam
1249 2111 1283 2148 si
1327 2109 1391 2148 illa
1435 2109 1566 2148 Philu-

222 2183 335 2210 mena
355 2176 548 2222 peccaret,
575 2170 854 2208 detrimentum
874 2169 986 2221 foret,
1013 2171 1103 2220 quia
1123 2181 1201 2207 non
1221 2169 1378 2207 deceret
1401 2167 1565 2206 liberam

222 2230 389 2281 puellam
421 2229 511 2267 talia
543 2241 676 2281 agere,
715 2241 812 2279 quae
850 2234 891 2267 tu
931 2229 1069 2267 fecisti.
1119 2241 1208 2267 nam
1246 2240 1328 2282 non
1356 2233 1413 2265 est
1446 2227 1565 2265 detri-

317 2335 338 2365 4
362 2331 583 2377 utilitatem]
610 2341 761 2365 causam
781 2331 830 2366 D.
952 2334 972 2364 8
1000 2330 1102 2376 quia]
1130 2341 1204 2374 qua
1226 2330 1262 2365 C.
