1681 2576
252 125 307 166 96
664 125 955 162 Commentarius
982 127 1178 172 antiquior.

874 238 901 290 Ι,
930 237 964 277 1.

339 307 528 346 Phaedria
560 309 720 347 veniens
752 309 798 347 ad
831 309 988 347 domum
1021 309 1196 361 Thaidis,
1234 309 1299 347 ubi
1330 322 1408 348 non
1440 316 1499 349 est
1530 323 1591 350 re-

252 371 405 418 ceptus,
448 369 537 417 quia
576 366 723 405 Thraso
767 373 849 407 erat
886 381 973 407 611111
1016 381 1077 420 ea,
1119 370 1159 406 in
1199 368 1399 407 redeundo
1439 368 1591 408 dicebat

253 425 306 474 [G
328 428 428 465 aad:
459 425 660 479 Phaedria,
686 432 833 465 amator
853 427 1024 479 Thaidis,
1050 427 1232 466 exclusus
1252 427 1298 466 ab
1320 427 1383 466 illa
1406 428 1590 467 hesterno

204 491 224 522 5
251 485 313 522 die
353 490 391 522 et
427 486 571 523 iterum
608 491 811 524 revocatus
850 487 951 536 apud
991 499 1031 525 se
1073 486 1246 537 loquitur
1284 487 1466 526 audiente
1499 486 1591 526 Par-

250 557 428 596 menone,
455 556 566 582 servo
594 543 692 594 suo]
752 544 776 583 2
805 544 1013 595 accersor]
1042 544 1191 584 evocor'.
1247 543 1274 585 5
1299 545 1511 596 siquidem]
1540 548 1590 585 si-

252 604 409 654 quidem
435 603 566 642 hercle
591 605 719 654 possis
744 610 780 642 te
802 605 1002 642 continere
1029 603 1075 642 ah
1097 617 1152 655 ea,
1178 610 1221 643 ut
1247 616 1333 643 eain
1359 617 1437 646 non
1463 605 1590 657 adeas,

249 675 376 714 neque
403 664 529 701 maius
561 675 687 713 neque
715 663 853 701 fortius
880 675 1065 713 umquam
1091 663 1237 714 aliquid
1269 664 1396 702 facere
1428 666 1588 715 poteris.

250 734 385 760 verum
413 723 446 760 si
471 723 667 772 inceperis
694 727 730 760 te
758 723 958 760 continere
986 727 1024 760 et
1050 719 1347 773 eani'spernere
1376 728 1589 774 posteaque

182 788 225 820 10
251 780 471 819 stimulatus
514 780 671 819 stimulo
709 781 861 819 ardoris
899 780 1001 819 ultro
1041 781 1086 819 ad
1126 793 1210 820 63111
1247 783 1419 833 veneris,
1461 788 1591 820 actum

251 845 311 878 est
349 841 496 891 statim,
538 840 576 877 id
616 845 672 877 est
713 845 848 890 captus
887 841 965 878 eris
1005 839 1051 878 ah
1090 852 1144 878 ea.
1178 862 1232 867 —
1270 840 1404 890 prius]
1438 840 1589 880 melius.

251 898 276 938 6
304 898 536 948 pertendes]
571 898 682 937 aliter
714 899 894 949 perficies
931 900 972 937 G.
1032 898 1206 948 naviter]
1241 904 1409 938 strenue.
1473 899 1497 939 8
1532 903 1589 939 in-

246 956 358 1007 fecta
380 957 502 1007 pace]
524 958 698 996 nondum
718 958 892 1010 solidata,
913 957 1086 996 nondum
1105 957 1390 996 reconciliatus.
1434 956 1488 997 10
1509 962 1589 998 elu-

251 1016 332 1067 det]
361 1017 522 1055 deridet.
582 1015 632 1055 11
663 1020 784 1066 proin
811 1016 870 1066 tu]
903 1017 1079 1068 proinde,
1108 1029 1129 1054 o
1156 1016 1358 1069 Parmeno7
1383 1022 1591 1069 antequam

182 1084 223 1115 15
249 1088 311 1114 me
339 1081 498 1126 superet
525 1088 642 1114 amor.
682 1077 785 1115 ΒΜ.
836 1075 1028 1125 proinde]
1057 1075 1196 1114 deinde
1222 1077 1342 1115 CGE.
1401 1074 1453 1115 12
1487 1089 1591 1125 quae

249 1134 332 1185 res]
375 1147 483 1173 amor
523 1136 754 1173 meretricis.
832 1132 1020 1174 14—-16
1060 1137 1100 1174 in
1138 1134 1291 1185 amore]
1337 1136 1591 1174 meretricum
1647 1158 1649 1160 -

250 1206 359 1232 amor
390 1194 485 1232 haec
519 1195 647 1232 onmia
680 1195 721 1232 111
754 1207 794 1232 sc
827 1195 999 1233 continet
1032 1195 1125 1232 vitia
1156 1194 1340 1244 undique.
1395 1193 1588 1244 iniuriae]

250 1254 352 1291 inter
384 1258 568 1292 amantes.
627 1252 890 1303 suspiciones]
927 1253 1060 1291 malae.
1117 1252 1369 1303 inimicitiae]
1404 1254 1508 1291 inter
1538 1255 1591 1291 ri-

249 1311 363 1350 vales.
421 1311 619 1362 indutiae]
652 1314 924 1363 meretricum,
957 1313 1046 1363 quia
1075 1313 1159 1363 ipsa
1185 1312 1296 1351 dicit:
1334 1324 1420 1350 cras
1453 1312 1591 1350 faciam

178 1378 223 1410 20
249 1371 323 1409 1106
354 1377 495 1409 tecum.
552 1384 641 1421 pas:
672 1371 852 1421 rursum]
886 1370 1163 1410 reconciliatio,
1225 1369 1278 1411 18
1312 1383 1401 1410 cum
1433 1373 1593 1410 ratione

250 1429 447 1479 insanias]
489 1430 591 1481 quod
626 1442 704 1468 uon
742 1435 869 1481 potest
902 1431 1006 1482 fieri,
1044 1435 1087 1468 ut
1119 1442 1208 1468 611111
1240 1441 1332 1480 sana
1369 1434 1499 1468 mente
1532 1431 1590 1468 in-

250 1491 370 1540 cipias
412 1491 595 1527 insanire.
674 1487 730 1528 20
774 1501 898 1538 eyone
936 1488 1060 1539 illam]
1106 1489 1244 1539 digner
1285 1488 1452 1527 adventu
1492 1501 1589 1527 meo.

249 1560 353 1597 quae
379 1547 504 1598 illum]
532 1548 772 1587 Thrasonem
799 1548 896 1586 mihi
921 1548 1116 1599 praetulit.
1172 1561 1276 1597 quae
1295 1547 1372 1598 me]
1401 1548 1589 1598 despexit.

249 1620 353 1656 quae
379 1607 475 1657 non]
504 1607 661 1646 admisit
686 1620 747 1646 me
774 1608 877 1658 heri3
910 1612 948 1646 et
973 1612 1033 1646 est
1059 1607 1216 1658 eclipsis
1247 1606 1318 1657 [E:
1343 1619 1414 1657 per
1441 1607 1591 1658 singula

178 1673 222 1705 25
250 1671 484 1705 commutata
510 1671 570 1704 est
598 1666 787 1717 eclipsis]
845 1664 899 1705 23
927 1665 1109 1716 terendo]
1137 1666 1322 1705 fricando.
1379 1663 1435 1704 24
1466 1665 1589 1716 ultro]

249 1726 421 1776 insuper.
474 1724 528 1765 26
554 1726 778 1775 seelestam]
806 1726 1005 1776 perfidam.
1051 1723 1222 1765 27-28
1250 1737 1342 1776 prae
1368 1724 1589 1763 turbatione

248 1786 393 1822 mentis
421 1786 775 1834 augmentationem
803 1784 1029 1835 singillatim
1054 1785 1154 1822 facit.
1213 1782 1267 1822 29
1297 1783 1490 1833 redimas]
1524 1783 1589 1822 ah-

250 1843 400 1882 strahas
434 1855 564 1882 amore
603 1843 718 1882 illius.
781 1843 911 1895 aliter,
948 1848 989 1882 ut
1029 1844 1077 1881 sit
1111 1843 1397 1894 metaphoricos
1430 1842 1590 1894 dictum,

248 1906 416 1941 tractum
442 1902 624 1941 videlicet
656 1915 675 1940 a
708 1904 881 1954 captivis,
914 1903 981 1953 qui
1013 1914 1053 1940 se
1086 1903 1211 1952 pretio
1243 1914 1264 1940 a
1297 1902 1455 1940 servitio
1488 1901 1589 1940 redi-

179 1970 223 2001 30
249 1966 371 1999 munt.
434 1959 490 1999 34
524 1961 648 2010 fundi
676 1961 903 2011 calamitas]
945 1962 1171 2012 patrimonii
1209 1961 1268 1999 vel
1304 1965 1460 1999 nostrae
1500 1960 1589 1999 suh-

250 2022 416 2059 stantiae
456 2021 630 2058 vastatio.
704 2020 848 2059 fundus
890 2020 1032 2059 dicitur
1075 2021 1274 2071 possessio
1316 2032 1337 2058 a
1379 2019 1587 2058 fundendo.

250 2077 305 2118 35
338 2091 427 2118 nam
466 2079 568 2130 quod
606 2091 678 2117 nos
717 2092 856 2130 capere
894 2080 1100 2130 opsonium
1136 2084 1305 2130 oportet,
1345 2078 1440 2117 haec.
1472 2078 1588 2116 Thais

249 2139 456 2189 consumit,
488 2138 661 2189 dissipat.

344 2279 364 2309 5
389 2275 569 2310 Parmeno
598 2275 642 2311 G.
751 2279 795 2310 22
822 2276 984 2311 adventu
1012 2286 1094 2310 meo
1120 2287 1185 2310 om.
1207 2274 1306 2309 EM.
1409 2277 1452 2309 23
1474 2274 1588 2308 Thra-

247 2323 423 2406 Ξῗέἓωὲ
434 2323 549 2357 alium
587 2323 689 2358 EM.
841 2327 886 2358 30
916 2322 1133 2369 patrimonii
1162 2321 1323 2367 perditio
1354 2320 1415 2356 vel
1460 2321 1588 2366 damp-
