1681 2576
592 807 959 857 Praefatio.

193 1004 346 1043 Scholia
373 1004 607 1043 Terentiana
642 1016 687 1042 ex
721 1016 798 1042 uno
831 1004 930 1043 libro
964 1005 1236 1055 antiquissimo
1263 1003 1453 1042 Belnhino

104 1075 206 1114 edita
229 1080 319 1113 sunt
343 1074 388 1112 ab
409 1074 716 1125 Umpsenbaehio
738 1079 775 1112 et
796 1074 1076 1113 Studemundo.
1116 1074 1222 1119 Quae
1248 1075 1289 1113 in
1310 1076 1452 1113 ceteris

103 1145 215 1184 libris
235 1145 410 1184 Terentii
430 1145 638 1183 traduntur
662 1144 820 1197 36110113,
847 1146 937 1196 quia
958 1145 1046 1183 vilia
1071 1144 1116 1183 ab
1138 1144 1319 1183 omnihus
1342 1150 1452 1196 puta-

100 1216 261 1269 bantur,
299 1215 477 1266 neglecta
509 1216 635 1254 adhue
667 1217 884 1254 iacuerunt.
948 1215 1084 1266 Neque
1120 1220 1252 1254 tamen
1289 1228 1452 1266 prorsus

101 1286 305 1325 abicienda
330 1286 523 1324 videntur.
578 1285 699 1324 Multa
732 1287 772 1324 in
805 1287 862 1324 eis
895 1287 1031 1324 insunt
1062 1287 1288 1324 testimonia
1315 1286 1453 1338 Servii,

100 1357 304 1409 Prisciani,
337 1356 458 1395 multa
490 1356 641 1408 Donati,
677 1355 903 1408 Eugraphst,
938 1369 1061 1407 pauca
1093 1355 1213 1408 Festi,
1245 1356 1453 1408 Porphyri-

102 1429 201 1480 onis,
232 1427 383 1466 Isidori.
440 1427 484 1466 In
511 1433 642 1466 cetera
668 1427 863 1478 farragine
895 1427 1010 1466 bonis
1037 1427 1126 1466 vilia
1153 1427 1323 1466 admixta
1351 1432 1454 1479 sunt,

102 1510 200 1549 quae
233 1509 441 1536 secernere
475 1502 640 1535 conatus
674 1509 771 1535 sum.

190 1580 234 1619 In
255 1592 369 1618 usum
393 1591 524 1618 meum
546 1579 706 1618 adhibui
723 1579 980 1617 Terentianos
1001 1578 1123 1617 libros
1140 1578 1407 1618 victorianum
1424 1579 1454 1618 D

105 1647 431 1706 (Laurentianum
459 1648 527 1702 38,
555 1646 648 1704 24),
682 1649 934 1688 Derurtatum
962 1648 993 1687 G
1027 1645 1274 1702 (Vaticanum
1309 1646 1455 1704 1640),

102 1757 402 1796 Riceardiamun
428 1756 458 1794 E
481 1720 616 1830 (gi—XI}
644 1720 772 1829 528),
792 1755 1020 1794 Vaticanum
1045 1756 1072 1794 C
1095 1751 1262 1810 (3868).
1313 1755 1370 1794 Ex
1398 1757 1455 1794 eis

104 1857 228 1909 libris,
262 1858 329 1908 qui
361 1853 687 1895 commentarium
714 1856 889 1895 Terentii
916 1868 1004 1895 eum
1037 1855 1231 1894 lemmatis
1259 1855 1456 1908 exhibent,

104 1940 227 1967 unum
260 1927 408 1966 contuli
439 1927 715 1966 Monacensem
750 1924 915 1979 14420,
949 1928 1136 1979 omnium7
1170 1939 1267 1978 quos
1298 1926 1457 1977 quidem

104 1998 222 2037 huius
249 1999 404 2049 generis
432 2000 620 2050 noverim,
653 1999 983 2050 antiquissimum,
1016 1999 1084 2049 qui
1110 1997 1213 2036 soliis
1242 1995 1458 2037 79—144

107 2070 432 2108 commentarium
476 2069 517 2106 in
560 2080 694 2106 omnes
737 2068 913 2106 Terentii
958 2067 1106 2107 fabulas
1151 2069 1342 2120 contine13
1388 2068 1454 2106 sed

107 2139 249 2178 desunt
287 2138 363 2177 duo
401 2137 510 2190 folia,
554 2137 720 2177 alterum
759 2143 848 2176 ante
888 2137 1025 2177 solium
1066 2136 1138 2190 79,
1182 2139 1222 2176 in
1265 2150 1341 2189 quo
1380 2140 1458 2177 vita

106 2209 282 2248 Terentii
321 2210 466 2260 scripta
506 2209 627 2248 fuisse
666 2209 838 2261 videtur,
880 2208 1044 2248 alterum
1087 2214 1174 2247 ante
1215 2208 1348 2247 solium
1389 2208 1457 2261 δι’),

106 2281 147 2318 in
174 2292 250 2331 quo
277 2291 414 2318 versus
437 2279 605 2318 Andriae
634 2277 877 2319 364—427
909 2281 1080 2319 enarrali
1108 2284 1229 2318 erant.
1280 2279 1457 2318 Halmius

105 2349 210 2389 hune
242 2349 387 2389 librum
421 2349 575 2389 saeculo
602 2350 654 2388 xl
686 2350 886 2390 adtribuit.
