1681 2576
173 92 231 133 20
565 94 585 133 ἓ
610 94 642 126 3.
679 89 913 125 Monacensis
939 89 1127 127 lemmata.

263 200 409 239 Andria
430 200 471 252 V,
490 197 529 238 4.
558 199 794 251 Pamphilus
835 200 952 239 Crito,
981 201 1098 239 Simo.
1120 200 1317 240 Chremes.
1357 199 1522 240 5cive1n

176 261 270 299 hinc
301 270 399 297 esse.
451 258 476 297 6
511 270 586 309 qua
622 258 669 297 dc
702 271 754 297 re.
801 257 826 297 9
853 260 983 297 iactas.
1012 271 1179 297 sanusne
1206 272 1259 298 es.
1305 257 1358 298 12
1386 262 1435 298 sit
1455 262 1523 298 vir.

176 316 230 358 13
263 317 538 368 adtemperate.
592 314 646 356 15
679 316 787 356 illum
820 317 934 368 quod.
996 316 1049 357 18
1082 319 1416 357 moveo—feres.
1467 317 1519 357 21

178 376 358 429 applicat.
417 373 472 414 23
514 380 600 414 tum
641 377 685 414 is.
745 374 801 415 25
841 388 985 415 nomen
1022 383 1100 415 tam
1141 379 1217 415 cito
1259 376 1329 415 tibi
1371 377 1524 416 Phania.

177 434 232 475 26
266 440 386 474 certo.
436 432 492 472 29
533 436 671 474 cuiam.
723 432 779 473 3O
812 436 917 485 erige
957 447 1081 473 aures.
1133 433 1185 475 31
1221 437 1288 486 qui
1320 436 1522 475 credis——

175 495 252 533 ille.
303 490 358 532 33
390 492 545 544 postilla
576 505 690 532 nunc.
742 491 798 532 35
829 493 903 532 hoc
936 499 1053 532 tanto.
1101 492 1155 534 38
1189 494 1281 545 quid
1314 494 1418 533 istud
1452 500 1521 533 est.

175 550 231 592 42
262 563 342 591 non
368 553 503 603 patiar.
547 549 606 591 44
632 552 671 590 di
690 551 790 591 hene
817 552 1135 603 ament—quod
1163 558 1293 592 restat.
1338 551 1392 592 47
1415 558 1525 604 pater

177 613 232 651 ait
250 632 305 639 ·—
326 609 365 649 id
399 610 550 650 scilicet
570 632 624 637 —
645 610 845 661 Pamphile
884 616 943 649 est
982 607 1121 664 (schol.
1155 611 1268 650 alitor
1299 608 1521 664 Pamphili).

179 668 234 710 51
269 669 336 720 qui
367 680 445 707 non
478 674 617 721 potest.
669 668 723 709 53
758 669 910 708 felicem
941 669 1045 708 hunc
1077 670 1191 708 diem.

266 727 378 780 —V‚
397 725 423 767 5
451 728 652 767 Charinus.
679 727 915 779 Pamphilus.
943 728 1080 767 Davus.
1125 726 1151 767 5
1171 733 1280 780 parta
1301 734 1369 767 est.
1404 727 1429 768 6
1451 728 1519 767 sed

179 799 295 839 quem
327 798 411 836 ego.
463 787 486 827 7
521 787 662 825 malim.

268 867 323 873 --
348 845 391 896 V,
417 845 442 885 6
476 846 613 884 Davus.
639 845 876 896 Pamphilus.
904 845 1079 884 Carinus.
1127 844 1151 884 3
1179 851 1325 884 nactus.
1380 844 1434 885 10
1460 846 1524 883 ad-

179 906 350 943 ibo—-o
378 902 557 943 Charine.
610 900 666 942 14
696 916 800 943 nunc
833 909 902 942 esi.
956 902 1010 943 15
1042 916 1219 955 propere.
1272 903 1326 944 16
1359 904 1525 956 despon-

180 963 337 1003 debitur
369 957 509 1016 (schol.
541 962 580 1002 id
612 967 673 1002 est
704 962 937 1015 explebitur,
970 958 1302 1016 desponsabitur).

269 1079 483 1119 Eunuchus
508 1078 605 1132 prol.
632 1077 659 1119 5
685 1080 922 1118 existimavit
954 1075 1094 1133 (schol.
1120 1092 1191 1130 pro
1225 1076 1524 1133 existimaverit)

183 1162 237 1167 —
258 1139 356 1178 sciat
380 1143 592 1190 presumat.
635 1137 660 1178 6
688 1138 801 1189 quale
824 1140 874 1176 sit
893 1139 1014 1189 prius
1067 1137 1089 1178 7
1118 1139 1319 1177 vertundo.
1366 1137 1391 1177 9
1418 1139 1528 1176 fama.

185 1196 240 1239 10
271 1202 387 1248 atque
426 1211 446 1236 a
482 1198 690 1236 thesauris.
748 1195 802 1236 16
841 1196 1047 1235 lacescere.
1107 1195 1159 1236 17
1194 1196 1529 1236 condonabuntur.

184 1256 239 1299 28
271 1267 351 1296 non
383 1257 461 1307 qui.
513 1254 568 1295 35
599 1257 659 1294 uti
690 1254 786 1294 aliis.
839 1254 893 1295 36
928 1260 1133 1294 currentes
1167 1267 1311 1294 servos

275 1337 330 1343 ——
361 1315 392 1367 I,
419 1314 441 1354 1
477 1314 653 1353 Phedria.
692 1314 893 1353 Parmeno.
936 1314 1176 1352 adulescens.
1216 1326 1362 1353 servus.
1414 1313 1439 1353 2
1474 1327 1532 1352 ar-

186 1385 331 1415 cessor.
385 1371 413 1413 5
444 1386 582 1424 neque.
635 1372 657 1413 7
693 1378 858 1424 expetet.
911 1371 965 1412 10
996 1378 1034 1411 te
1060 1375 1216 1411 victum.
1269 1370 1324 1411 14
1355 1374 1534 1412 iniuriae.

190 1432 245 1473 15
271 1432 462 1472 induciae.
508 1431 564 1472 25
591 1433 628 1470 ei
651 1431 767 1471 ultro.
806 1431 860 1472 27
889 1437 928 1470 et
953 1444 1084 1470 amore
1111 1432 1238 1471 ardeo.
1284 1430 1337 1470 31
1360 1432 1533 1470 afflicteS.

187 1490 244 1532 34
276 1504 377 1531 ecca.

275 1572 331 1578 --
362 1549 391 1603 1,
417 1548 442 1588 2
475 1549 592 1588 Thais
623 1549 821 1588 meienix.
867 1548 1034 1587 Phedria
1065 1548 1306 1587 adulescens
1343 1548 1532 1605 Paimeno

191 1620 338 1648 selvus.
385 1606 440 1648 15
466 1609 593 1647 anime
619 1609 683 1646 mi
737 1606 789 1647 18
816 1607 921 1646 hunc
947 1606 1111 1645 exclusti
1138 1608 1251 1645 f01as
1297 1605 1353 1646 20
1379 1619 1509 1645 alcess
1492 1609 1535 1645 i.

189 1666 244 1706 22
272 1664 569 1717 ast11n0024
595 1668 739 1705 fictum.
779 1665 833 1706 28
854 1671 938 1704 tum
958 1665 1023 1703 ihi.
1063 1664 1117 1704 33
1137 1670 1327 1716 potuelat
1367 1664 1419 1705 37
1444 1666 1536 1704 edu-

196 1739 286 1765 care
317 1727 371 1764 ita
401 1730 455 1763 ut.
505 1723 560 1764 52
593 1725 766 1763 honesta.
817 1722 874 1763 54
905 1724 1048 1762 vendit.
1099 1722 1156 1763 64
1192 1737 1295 1762 nunc
1333 1736 1417 1762 eam
1455 1737 1537 1775 ego.

182 1783 250 1826 65
284 1785 449 1836 cupiam.
500 1782 555 1823 69
593 1796 742 1835 parare.
795 1781 850 1822 70
889 1795 964 1833 quo
1002 1783 1077 1821 fiat.
1131 1781 1182 1822 71
1221 1784 1374 1833 priores
1405 1788 1537 1834 partes

192 1844 311 1882 hosce
345 1839 485 1896 (schol.
519 1842 599 1881 scil.
632 1837 722 1895 per)
765 1841 921 1892 aliquod
954 1841 1048 1879 dies.
1102 1839 1156 1880 75
1188 1846 1253 1880 aut
1284 1853 1354 1892 ego
1375 1864 1429 1868 —
1449 1854 1537 1892 par-

191 1902 287 1940 vola.
347 1899 401 1941 81
440 1901 598 1939 advecta
636 1906 696 1939 est
721 1923 776 1927 ——-
802 1901 1024 1951 praeripiat.
1076 1897 1130 1939 82
1170 1912 1303 1950 egone.
1357 1898 1411 1940 83
1443 1912 1539 1938 num

195 1957 335 2015 (schol.
373 1959 434 1998 vel
472 1955 595 2013 nunc)
640 1959 708 1998 uhi
751 1971 888 1997 meam.
947 1956 1029 1998 117
1067 1958 1207 1997 haheat
1244 1959 1361 1997 fidem
1399 1954 1538 2012 (schol.

192 2032 263 2071 pro
289 2018 406 2057 habet
432 2018 560 2070 fidem,
586 2018 626 2056 id
652 2023 728 2056 est:
762 2018 925 2056 forsitan
950 2022 1062 2068 putat
1085 2029 1212 2056 meam
1238 2017 1354 2056 fidem
1378 2029 1536 2069 parvam

193 2078 295 2129 apud
322 2090 376 2130 se,
401 2082 445 2115 ut
469 2089 548 2115 non
575 2089 664 2115 eum
683 2088 775 2128 prae
798 2077 939 2114 ceteris
960 2071 1116 2129 amem).
1158 2074 1240 2116 118
1262 2081 1376 2127 atque
1399 2072 1538 2129 (schol.

194 2136 274 2175 scil.
307 2131 470 2189 forsan).

285 2217 340 2222 ——
360 2194 406 2246 ll,
428 2193 450 2232 1
478 2193 654 2232 Phedria.
675 2193 876 2232 Parmeno.
898 2192 1138 2232 adulescens.
1160 2205 1307 2232 servus.
1339 2192 1365 2232 6
1379 2194 1538 2244 patiare.

197 2249 338 2306 (schol.
358 2265 429 2304 pro
449 2248 642 2306 patiaris).
677 2250 732 2291 10
751 2265 800 2291 au
819 2253 990 2290 memini.
1019 2250 1071 2290 11
1094 2251 1310 2290 obfirmare.
1340 2249 1392 2290 13
1410 2251 1542 2290 adient

197 2324 330 2350 orsum
346 2308 421 2365 (Ξ
437 2311 591 2362 adigent
611 2306 804 2365 horsum).
846 2308 901 2350 14
915 2311 1372 2370 defetigcr-——ingratus.
1402 2308 1456 2350 16
1470 2309 1498 2347 F
1502 2322 1540 2348 a-
