1681 2576
111 769 153 800 10

110 1060 153 1091 15

112 1352 156 1383 20

112 1643 156 1674 25

112 1934 157 1966 30

182 124 237 166 66
436 124 460 158 Ι.
501 122 650 158 Scholia
675 133 694 158 e
721 122 847 158 Servio
874 123 911 157 et
935 121 1125 158 Prisciano
1150 122 1279 167 petita.

271 233 337 271 Ad.
350 232 412 285 III,
427 231 464 285 3,
478 230 533 271 43
555 231 756 282 coeperet]
777 243 855 270 non
876 232 1048 283 coeperit
1069 262 1221 270 ......
1241 231 1463 271 Priscianus
1484 234 1525 271 in

182 291 282 329 libro
315 291 423 329 verbi
450 292 583 329 tertio:
616 291 764 341 coepio,
798 290 899 340 quod
927 291 967 328 in
993 302 1066 328 usu
1092 302 1170 328 non
1197 296 1268 341 est,
1297 292 1407 341 coepi
1434 291 1521 329 facit

181 351 449 401 praeteritum.
483 349 691 387 Terentius
712 350 753 386 in
772 348 956 399 Adelphis
976 350 1232 399 praeteritum
1251 349 1524 399 imperfectum

183 408 419 447 subiunctivi
445 407 622 446 eiusdem
645 406 766 459 verbi,
797 407 900 457 quod
927 419 975 445 ex
1000 408 1199 458 praesenti
1225 408 1409 459 nascitur,
1434 419 1525 458 pro—

182 467 274 504 fert:
307 468 478 504 sinerem
498 463 636 504 illum?
663 477 693 504 a.
709 478 745 503 n.
761 477 789 503 s.
805 470 829 503 t.
845 477 894 503 m.
910 478 944 515 p.
960 477 993 503 o.
1009 477 1043 515 q.
1059 467 1081 503 i.
1098 478 1132 515 q.
1149 478 1179 503 c.
1202 464 1247 517 [1,
1261 463 1376 515 booj.
1403 467 1451 506 D.
1469 487 1522 493 —

180 523 443 563 Praeteritum
468 524 541 562 hoc
567 524 842 575 imperfectum
862 535 882 561 a
902 523 1019 561 verbo
1040 525 1188 575 coepio,
1215 524 1317 574 quod
1338 536 1526 574 praesens

181 584 222 621 in
253 595 327 621 usu
359 595 437 621 non
464 589 535 634 est,
559 583 713 621 videtur
740 583 859 633 nasci,
891 583 931 620 in
956 581 1007 620 ΠΙ
1033 581 1132 620 libro
1159 582 1269 621 verbi
1295 582 1525 621 ostendente

180 641 392 680 Prisciano.
442 642 527 680 GE.

270 698 466 752 —111,3,
488 699 540 739 87
568 699 635 748 ne]
663 698 792 737 aliter:
825 709 873 736 ne
905 698 1178 737 affirmativum
1210 699 1272 737 hic
1305 701 1448 752 accipe,
1481 706 1518 737 ut

181 759 232 797 sit
250 771 320 809 pro
342 764 460 810 certe,
484 763 528 796 ut
553 757 657 796 idem
683 759 722 795 in
742 756 902 794 Andria:
929 756 1095 795 modone
1121 757 1158 795 id
1187 757 1344 796 demum
1365 759 1523 795 sensisti

180 816 391 869 Pamphile,
410 817 594 854 Horatius
615 817 654 853 in
672 815 705 853 ΙΙ
723 827 965 853 sermonum:
987 814 1113 853 clarus
1135 817 1222 867 erit,
1241 816 1365 867 sortis,
1386 817 1525 868 iustus,

181 877 349 926 sapienS,
380 887 428 912 ne
462 876 579 912 etiam
611 879 649 912 et
681 885 751 911 rex
784 872 921 923 [Prisc.
948 873 992 924 ΙΙ,
1015 871 1128 923 102]
1174 875 1220 912 B.

270 956 323 959 —
350 933 412 984 ΙΙΙ,
437 930 477 984 4,
506 930 560 971 14
591 935 746 971 salvere
776 932 995 980 Heyz'onem
1022 935 1252 981 plurumum
1284 931 1416 981 iubeo]
1449 943 1520 983 pro

181 991 282 1030 salve
315 991 437 1042 Hegio
470 991 694 1042 plurimum.
739 990 886 1028 salvere
926 991 1042 1028 etiam
1074 994 1113 1028 et
1144 990 1311 1040 gaudcre
1348 989 1523 1028 absolute

180 1050 379 1089 interdum
393 1062 464 1100 pro
480 1049 582 1088 salve
601 1054 639 1087 et
654 1048 776 1099 gaude
792 1048 970 1099 dicimus,
988 1048 1055 1086 sed
1070 1060 1141 1099 per
1156 1049 1319 1099 figuram
1333 1048 1524 1099 eclipseos

182 1110 221 1147 id
249 1113 308 1147 est
334 1109 576 1147 defectionis.
617 1107 848 1145 subauditur
874 1108 979 1144 enim
1005 1106 1119 1144 iubeo
1146 1106 1206 1145 vel
1226 1106 1310 1144 volo
1337 1106 1397 1145 vel
1423 1112 1527 1158 opto,

184 1167 398 1205 secundum
430 1166 675 1205 Priscianum
707 1165 754 1203 de
787 1166 1078 1204 constructione
1113 1164 1175 1217 [ΙΙ,
1202 1163 1316 1214 228]
1361 1166 1408 1204 J).

272 1248 327 1252 ——
353 1225 412 1277 IV,
433 1224 471 1277 2,
492 1223 545 1263 21
580 1224 676 1274 non]
715 1224 754 1262 id
793 1228 853 1262 est
890 1235 1029 1262 nonne.
1073 1235 1152 1261 non
1189 1235 1259 1274 pro
1292 1235 1431 1274 nempe
1463 1223 1527 1262 hic

184 1284 456 1335 accipiendum
494 1288 571 1334 est,
608 1288 651 1321 ut
682 1282 865 1332 Virgilius
903 1284 943 1320 in
979 1281 1032 1319 XI
1064 1279 1204 1331 [152]
1244 1294 1322 1319 11011
1354 1282 1466 1334 haec,
1504 1294 1525 1319 0

181 1342 298 1394 Palla,
325 1342 489 1380 dederas
515 1342 708 1392 promissa
730 1341 894 1391 parenti,
920 1341 959 1378 id
980 1345 1055 1378 est:
1081 1352 1221 1390 nempe
1248 1340 1341 1378 haec
1362 1340 1525 1378 dederas

181 1401 279 1439 mihi
304 1402 497 1451 promissa
524 1400 743 1451 discedens,
770 1399 985 1437 secundum
1011 1399 1191 1437 Servium
1216 1400 1256 1436 111
1283 1398 1344 1436 XI.
1378 1400 1424 1437 D.

271 1482 324 1485 —
353 1458 412 1510 IV,
433 1457 471 1510 2,
492 1456 546 1496 39
580 1456 854 1507 ccnqz'porlum]
891 1458 1118 1508 angiportus
1152 1462 1191 1495 et
1222 1458 1471 1507 angiportum
1504 1469 1524 1494 a

180 1522 296 1568 portu
323 1518 581 1567 compositum
607 1515 800 1554 secundae
827 1515 1098 1554 declinationis
1125 1520 1196 1566 est,
1230 1515 1332 1565 quod
1358 1514 1523 1553 Priscia-

180 1588 255 1614 nus
275 1576 396 1613 refert
420 1576 460 1613 in
480 1574 531 1613 ΙΙΙ
551 1574 650 1612 libro
677 1575 859 1625 nominis,
885 1573 952 1612 ubi
977 1574 1050 1612 hoc.
1076 1586 1146 1624 pro
1174 1572 1351 1624 exemplo
1378 1571 1526 1624 posuit:

184 1635 430 1685 angiportum
464 1633 508 1685 [I,
535 1632 650 1682 262}
699 1634 784 1671 GE.

271 1714 326 1719 —
341 1692 382 1744 V,
398 1690 435 1743 1,
451 1690 472 1730 1
490 1691 671 1742 Syrisce]
693 1691 848 1741 Syrisce
868 1702 946 1728 non
967 1702 1054 1728 esse
1075 1689 1348 1728 adverbialiter
1367 1688 1527 1741 dictum,

182 1751 222 1788 id
250 1756 309 1789 est
332 1762 441 1788 more
463 1750 562 1801 Syri,
587 1755 631 1788 ut
656 1749 889 1800 quibusdam
908 1750 1034 1787 visum
1061 1753 1131 1800 est,
1157 1747 1224 1786 sed
1251 1747 1525 1786 diminutiviun

183 1821 203 1847 a
237 1809 332 1859 Syro
352 1808 577 1846 Priscianus
605 1807 781 1845 scribens
808 1807 855 1845 de
882 1807 1124 1845 diminutivis
1152 1806 1354 1844 confirmat
1374 1805 1526 1844 dicens:

182 1869 244 1905 usi
277 1872 368 1905 sunt
400 1871 577 1905 auctores
610 1867 727 1904 etiam
757 1867 799 1904 in
831 1865 1064 1916 quibusdam
1096 1866 1245 1915 graecis
1272 1863 1526 1916 diminutivis,

183 1931 227 1964 ut
240 1925 465 1963 Terentius:
481 1924 629 1975 edepol,
644 1924 811 1976 Syrisce,
824 1930 862 1962 te
878 1925 1023 1962 curasti
1036 1922 1207 1961 molliter
1223 1922 1267 1974 [I,
1281 1920 1394 1972 115]θ
1410 1924 1456 1962 D.
1469 1944 1524 1949 -—

184 1983 330 2022 Graeco
363 1985 486 2022 utitur
518 1983 748 2022 diminutivo
774 1982 974 2021 Prisciano
1000 1987 1099 2020 teste
1126 1983 1166 2019 in
1192 1981 1243 2019 III
1269 1980 1368 2019 libro
1395 1981 1441 2019 de
1469 1981 1525 2019 di-

183 2044 397 2081 minutivis.
446 2042 533 2081 GE.

273 2099 475 2153 —V,2,6
503 2111 663 2139 manum
684 2098 874 2148 abstines]
902 2100 990 2149 quia
1017 2098 1193 2137 abstineo
1223 2097 1332 2136 illum
1358 2102 1397 2136 et
1421 2097 1525 2135 illius

279 2205 297 2235 1
323 2211 398 2235 non
430 2201 619 2244 coeperat:
652 2200 780 2235 deinde
812 2200 885 2235 tria
916 2203 1126 2244 quattuorve
1155 2199 1262 2235 verba
1291 2202 1526 2240 evanuerunt,

183 2250 267 2283 item
281 2258 433 2293 prorsus
451 2248 524 2291 fere
543 2247 734 2282 obscurata
745 2250 831 2282 sunt
847 2258 879 2282 v.
894 2249 918 2282 2
937 2245 1030 2281 libro
1044 2245 1149 2280 verbi
1167 2244 1291 2288 tertio,
1310 2244 1402 2279 facit
1419 2254 1525 2289 prae-

184 2294 346 2339 teritum,
372 2306 404 2330 v.
425 2297 446 2328 4
471 2293 621 2338 profert,
647 2304 678 2329 v.
701 2296 722 2329 5
749 2292 916 2329 sinerem.
1003 2296 1023 2326 6
1049 2293 1119 2327 hoc
1144 2304 1211 2329 om.
1240 2292 1283 2326 G.
1376 2294 1394 2324 7
1420 2290 1524 2325 verbi

184 2352 250 2376 om.
280 2341 322 2377 G.
421 2343 464 2376 29
490 2340 529 2374 in
555 2339 701 2384 quibus
