1681 2576
126 758 169 789 10

128 1052 170 1082 15

129 1347 174 1377 20

133 1936 178 1966 30

197 110 281 151 150
604 108 898 144 Commentarius
926 108 1124 153 antiquior.

194 232 351 258 servum
372 219 503 271 alium,
525 221 591 270 qui
612 225 771 258 vocatur
789 220 939 272 Storax,
960 224 997 258 et
1018 219 1126 270 loqui
1147 221 1275 270 coepit
1295 231 1383 258 cum
1399 231 1443 258 eo
1462 220 1544 258 GE.

197 277 218 317 1
254 278 425 328 Storax]
460 278 597 316 Storax
637 280 678 316 in
715 278 789 317 hoc
821 279 905 317 loco
938 291 1082 317 nomen
1115 280 1320 330 proprium
1353 282 1412 316 est
1443 280 1546 317 servi

193 337 384 376 Micionis.
430 337 524 375 alias
556 349 647 375 vero
680 349 824 376 nomen
856 342 916 376 est
947 338 1055 389 ligni,
1086 338 1190 376 unde
1222 337 1390 388 legimus
1423 341 1547 376 stora-

195 398 323 435 cinam
349 397 509 445 virgam.
561 397 602 434 in
633 396 765 434 divina
796 409 888 434 vero
916 399 1110 447 scriptura
1139 396 1255 446 [Gen.
1275 397 1344 444 43,
1358 396 1425 446 11]
1460 408 1547 435 esse

194 455 374 507 legimus,
398 454 467 492 ubi
487 454 600 493 Iacob
627 455 707 493 filio
735 467 804 494 suo
831 455 943 493 dicit:
971 468 1080 494 sume
1107 455 1181 494 tibi
1201 460 1353 494 stacten
1373 460 1411 493 et
1432 456 1544 493 stira-

195 526 281 552 cem
307 519 346 552 et
372 518 512 552 cetera.
553 518 680 552 storax
710 515 841 564 itaque
868 514 1017 564 lignum
1042 520 1113 567 est,
1140 517 1252 554 cuius
1273 516 1404 553 resina
1425 515 1546 552 stirax

193 577 354 611 vocatur
379 574 465 611 GE.
511 571 535 610 2
567 573 797 622 adversum]
827 572 980 611 obviam
1006 573 1072 612 illi.
1126 572 1150 612 3
1178 576 1216 613 εἰ
1239 575 1346 612 absis
1373 572 1545 623 uspiam]

195 633 229 670 si
261 644 303 670 es
336 630 382 669 ab
415 644 538 670 uxore
570 636 746 670 remotus
784 633 826 670 in
864 631 992 683 aliquo
1031 632 1116 671 loco
1150 638 1188 671 et
1220 632 1461 683 aliquamdiu
1492 631 1549 670 ihi

194 692 374 742 moraris,
406 690 472 741 illa
505 690 633 728 subito
669 690 833 729 affirmat
869 692 997 729 omnia
1023 704 1211 743 prospere
1239 692 1417 730 evenisse
1445 696 1483 729 et
1509 696 1546 729 te

196 750 343 788 idcirco
388 749 466 787 illic
513 754 591 787 tam
631 749 698 787 diu
736 751 883 787 morari
915 751 1014 788 DM.
1073 749 1098 789 6
1132 756 1324 800 parentes
1361 749 1547 800 propitii]

197 808 280 847 scil.
321 808 457 846 dicunt
494 810 680 846 timentes
719 808 875 859 aliquod
914 809 1076 861 malum,
1112 811 1145 847 si
1177 821 1326 861 cesseS,
1358 810 1547 847 evenisse.

196 866 221 907 8
244 870 377 906 animo
398 866 578 917 obsequi]
606 867 754 906 laetari.
806 866 830 906 9
853 869 926 906 tihi
945 870 1042 907 bene
1062 867 1163 918 esse]
1186 870 1298 919 quasi
1318 869 1482 906 amatori
1501 869 1548 906 I).

197 924 253 965 10
286 925 375 975 eqo]
417 938 463 964 ex
502 932 710 977 parentum
741 939 908 977 persona
941 926 1115 978 loquitur
1141 929 1187 966 D.
1239 926 1359 977 quae]
1395 932 1548 978 quanta.

199 983 251 1024 11
287 984 443 1035 alsert't]
479 985 608 1023 subito
641 990 820 1023 mortuus
848 986 975 1024 fuerit.
1029 984 1082 1025 13
1110 985 1204 1036 vale]
1234 987 1455 1025 interiectio
1483 986 1549 1024 do-

196 1044 325 1082 lentis.
361 1041 416 1082 14
431 1044 602 1094 parere]
625 1046 799 1096 gignere,
820 1045 879 1083 vel
898 1057 1036 1096 parare
1055 1047 1099 1085 G.
1139 1043 1193 1085 15
1216 1044 1352 1095 atque]
1376 1050 1482 1083 certe
1503 1046 1549 1083 D.

201 1101 253 1142 17
284 1103 531 1152 clementem]
561 1116 719 1142 suavem
740 1105 858 1142 vitam
884 1106 1122 1142 contrariam
1142 1106 1321 1143 rurestri.
1362 1103 1416 1143 22
1439 1104 1549 1154 inde]

199 1175 247 1200 ex
286 1161 364 1200 illis
403 1161 556 1201 duobus
584 1164 631 1201 I).
683 1161 738 1201 23
778 1163 921 1212 eduxi]
955 1165 1103 1202 nutrivi
1135 1164 1236 1202 DM.
1287 1175 1349 1202 me
1380 1163 1549 1213 oblecto]

200 1222 361 1272 quiesco
382 1222 482 1259 DJI.
529 1220 583 1261 26
607 1222 906 1271 praetermitto]
929 1222 1123 1272 indulgeo.
1164 1221 1217 1262 27
1241 1234 1319 1272 pro
1339 1234 1424 1261 meo
1442 1222 1549 1272 iure]

200 1280 416 1319 secundum
437 1292 565 1318 meam
585 1285 829 1331 potestatem.
864 1280 1004 1331 affere]
1027 1281 1264 1332 redarguere
1279 1281 1389 1319 illum
1404 1293 1551 1320 severe.

202 1337 256 1379 32
285 1338 460 1389 pudore]
489 1339 680 1378 modestia
712 1341 794 1392 CG,
826 1340 977 1390 pudore
1003 1340 1224 1392 verborum,
1258 1341 1370 1391 quasi
1402 1340 1552 1379 diceret

200 1399 469 1448 increpatione
483 1400 529 1436 D.
556 1398 818 1448 liberalitate]
834 1399 1075 1449 benignitate
1091 1405 1128 1438 et
1143 1399 1333 1449 largitate.
1361 1397 1416 1437 33
1429 1399 1550 1450 metu]

199 1458 343 1495 timore
376 1462 414 1495 et
446 1459 667 1508 asperitate.
721 1456 773 1497 37
807 1465 986 1507 sumptus
1011 1458 1214 1508 suqyerz's]
1243 1470 1434 1509 expensas
1462 1458 1551 1497 sub-

201 1517 414 1554 ministras.
473 1515 527 1555 38
568 1520 707 1555 vestitu
747 1519 867 1555 m‘mto
906 1517 1106 1567 indulgses]
1146 1529 1262 1555 ornas
1300 1516 1412 1555 illuni
1449 1517 1552 1556 ultra

201 1575 362 1613 modum
377 1577 467 1614 BG.
502 1578 657 1623 ineptus
672 1575 729 1625 es]
752 1575 926 1614 insulsus
942 1588 983 1614 es
999 1578 1039 1614 111
1052 1576 1124 1614 hac
1138 1581 1260 1627 parte.
1292 1573 1347 1615 41
1364 1576 1551 1626 qram'us]

204 1635 420 1684 sapientius
447 1634 507 1672 vel
534 1635 685 1672 fortius.
727 1632 782 1672 42
811 1637 851 1673 υἱ
869 1637 978 1683 quod
992 1634 1055 1685 fit]
1084 1636 1225 1673 timore
1247 1635 1351 1686 quod
1372 1636 1552 1686 exigitur.

201 1690 261 1731 44
285 1693 406 1743 malo]
433 1694 575 1731 timore
596 1693 656 1731 vel
676 1706 812 1744 poena.
850 1691 907 1732 45
935 1693 1148 1744 tantisper]
1176 1699 1255 1732 tam
1281 1694 1359 1732 diu.
1401 1691 1457 1733 48
1474 1707 1556 1744 par

202 1751 383 1801 referre]
405 1751 642 1790 beneficium
662 1752 880 1803 rependere
901 1752 1002 1791 bene
1022 1753 1185 1791 vivendo
1212 1754 1249 1791 C.
1282 1750 1338 1791 49
1354 1753 1553 1803 patrium]

202 1812 358 1862 paterni
384 1812 493 1849 iuris.
539 1809 593 1850 51
623 1813 698 1850 hoe
721 1817 842 1860 pater
869 1824 919 1850 ac
945 1814 1127 1851 dominus
1154 1811 1336 1861 interest]
1370 1811 1555 1850 videlicet

204 1870 295 1920 quia
321 1874 432 1920 pater
457 1882 528 1920 per
555 1882 726 1908 amorem
753 1870 877 1908 filium
903 1872 1040 1921 nutrit,
1067 1870 1248 1908 dominus
1274 1882 1346 1921 per
1371 1872 1555 1909 timorem

206 1940 362 1966 servum
396 1930 508 1979 cogit.

834 2011 861 2063 Ι,
888 2010 924 2049 2.

294 2081 468 2119 Audiens
488 2081 643 2133 Demea,
671 2082 775 2132 quod
802 2082 905 2120 filius
932 2083 1018 2120 eius
1045 2082 1275 2133 Aeschinus,
1302 2094 1420 2133 quem
1447 2083 1559 2121 fratri

207 2140 560 2192 commendaverat,
592 2141 697 2179 sores
731 2140 878 2180 alienas
912 2141 1129 2191 effregisset
1163 2146 1201 2179 et
1234 2141 1325 2179 inde
1351 2141 1559 2180 mulierem

206 2201 443 2237 extraxisset
474 2199 667 2250 flagellato
702 2202 786 2238 eius
814 2200 984 2252 domino,
1016 2201 1183 2238 nimium
1210 2206 1427 2239 connnotus
1453 2203 1560 2239 venit

304 2305 322 2335 1
360 2300 475 2335 alium
506 2313 571 2337 om.
600 2301 646 2337 E.
803 2306 824 2336 2
856 2312 991 2336 nomen
1021 2311 1086 2337 om.
1124 2301 1211 2337 GE.
1369 2304 1389 2335 5
1416 2303 1563 2338 stacten

206 2358 273 2383 om.
295 2348 339 2392 G,
366 2349 484 2383 stacte
512 2349 558 2384 E.
658 2351 700 2383 33
729 2348 871 2384 alienas
898 2361 964 2385 om.
988 2348 1032 2384 G.
