1681 2576
231 104 313 146 128
640 105 930 140 Commentarius
957 106 1154 150 antiquior.

228 218 353 267 possit
379 215 598 266 expendere
626 217 665 253 in
687 216 826 254 dotem.
878 215 903 255 9
925 216 1134 266 unciatim]
1163 218 1381 255 minutatim
1408 224 1445 256 et
1470 230 1563 269 pau-

228 275 346 313 latim.
409 277 457 313 de
489 277 671 313 demenso
702 274 790 324 suo]
831 275 876 312 de
910 288 973 327 eo,
1012 275 1114 325 quod
1153 275 1225 313 sibi
1265 276 1454 314 demendo
1493 278 1563 315 mi-

228 338 368 371 nuerat
392 345 508 383 parce
535 333 709 371 vivendo.
759 331 813 371 10
834 333 1073 383 defrudans]
1102 334 1335 372 diminuens.
1382 335 1562 385 qenium]

228 392 475 443 voluptatem.
509 391 727 442 conperst't]
750 394 810 429 vix
831 393 1026 442 parcendo
1048 392 1122 430 sibi
1138 395 1394 443 congregavit.
1428 391 1478 432 11
1496 395 1564 433 ab-

181 458 201 487 5
230 450 365 500 ripiet]
399 452 439 488 in
473 462 563 488 suos
596 462 689 489 usus
722 456 925 489 consumet
956 453 1005 490 C..
1061 454 1175 490 haud
1197 452 1459 502 existumans]
1487 465 1564 490 non

229 511 467 561 recogitans,
505 521 594 547 cum
626 515 769 559 quanto
802 509 933 548 labore
966 512 1199 561 acquisitum
1232 512 1299 562 sit,
1337 511 1439 561 quod
1480 513 1563 562 ipsa

229 568 436 606 libidinose
470 568 672 618 expendet.
737 566 789 606 13
818 568 1010 619 ferietur]
1043 569 1299 607 damnabitur.

852 685 868 722 Ι
906 684 930 713 ‘)

869 710 942 737 7-10

318 757 533 807 Egrediens
566 756 661 794 Geta
693 769 712 793 a
745 756 876 808 domo,
914 761 957 794 ut
988 758 1062 795 iret
1088 757 1134 795 ad
1166 757 1311 796 Davum
1343 759 1473 796 rusum
1505 771 1565 796 ar-

162 824 204 854 10
230 821 389 867 gentum
428 827 653 867 reposcere,
692 814 844 853 dicebat
883 817 974 853 suis.
1037 816 1104 854 sed
1147 816 1275 854 subito
1317 818 1400 868 ipse
1440 816 1564 855 Davus

230 876 394 913 advenit.
464 872 486 912 1
523 873 740 923 praestost]
779 875 1026 924 interruptio.
1095 873 1119 913 3
1153 874 1312 925 lectum]
1352 875 1432 913 scil.
1466 875 1565 914 elec-

229 939 313 972 tum
350 935 394 984 C,
435 937 712 983 congregatum
745 934 878 971 DGE.
939 931 967 971 4
999 935 1125 972 habeo
1157 933 1352 983 qratiam]
1393 934 1495 984 quod
1527 940 1565 972 te

231 993 462 1044 deprecatus
483 1004 579 1030 sum.
630 990 656 1030 5
677 991 822 1041 mores]
850 993 1037 1042 perversi.
1089 991 1207 1041 adeo]
1229 992 1275 1030 ad
1296 992 1346 1030 id.
1398 992 1423 1032 6
1445 992 1564 1042 quid]

231 1051 389 1104 aliquid,
420 1051 512 1089 licet
542 1062 619 1088 non
652 1055 786 1088 totum.
827 1052 915 1089 DE.
972 1051 1018 1088 ad
1051 1050 1135 1102 hoc,
1168 1052 1305 1103 inquit,
1336 1063 1466 1090 mores
1498 1051 1566 1089 ho-

162 1119 203 1149 15
230 1112 379 1150 minum
412 1110 663 1161 devenerunt,
694 1114 737 1147 ut
769 1110 802 1147 si
835 1111 921 1159 quis
954 1109 1090 1148 reddat
1120 1122 1198 1148 non
1230 1114 1365 1162 totum,
1399 1109 1467 1148 sed
1499 1109 1565 1148 ali-

231 1170 324 1221 quid
357 1182 403 1207 ex
436 1181 499 1221 eo,
534 1169 637 1219 quod
670 1168 745 1206 sibi
777 1168 1089 1206 commendatum
1122 1174 1196 1220 est,
1229 1170 1346 1207 etiam
1377 1181 1448 1219 pro
1480 1170 1565 1220 ipso

229 1241 349 1280 parvo
381 1228 437 1266 illi
469 1229 590 1278 gratia
621 1228 824 1265 referatur.
858 1228 904 1265 D.
956 1226 980 1266 9
1008 1227 1138 1277 modo]
1172 1227 1449 1266 tantummodo.
1500 1229 1569 1266 abt

230 1291 283 1326 sis
305 1286 493 1336 insciens]
516 1291 575 1325 est
593 1287 722 1324 iocose
745 1286 903 1337 dictum,
922 1286 1085 1324 iocando
1105 1286 1301 1324 maledicit
1321 1288 1367 1324 ei.
1403 1284 1455 1325 12
1477 1298 1566 1335 ope-

231 1359 320 1385 ram
352 1348 426 1385 tz'hz·
456 1344 563 1395 dieo]
603 1344 790 1397 attribuo,
828 1345 865 1382 id
905 1350 964 1383 est
995 1345 1230 1383 auscultabo
1295 1343 1347 1384 18
1381 1344 1564 1394 pellexit]

161 1413 205 1444 20
232 1406 356 1444 suasit
397 1404 457 1442 vel
501 1404 665 1455 decepit.
739 1405 852 1442 modo
895 1416 973 1442 non
1011 1403 1101 1454 eto]
1148 1405 1276 1441 onmia
1316 1403 1568 1454 promittebat

231 1469 387 1516 praeter
425 1468 577 1501 montes
616 1464 710 1501 auri.
774 1460 830 1501 20
865 1475 886 1502 o
924 1474 1058 1510 reqem
1090 1462 1180 1512 eta]
1219 1467 1262 1501 ut
1298 1462 1435 1501 liceret
1471 1463 1567 1500 mihi

231 1523 404 1561 iudicare
446 1522 634 1560 iudicium
676 1533 852 1571 aequum.
925 1519 980 1560 25
1012 1521 1247 1571 adversari]
1287 1521 1565 1559 contradicere.

233 1581 287 1622 26
325 1584 513 1631 scapulas
547 1579 736 1630 perdidi]
779 1580 1013 1632 vapulando,
1055 1581 1144 1630 quia
1185 1581 1260 1631 ipsi
1301 1580 1566 1618 adolescentes

231 1653 293 1679 me
320 1639 573 1691 flagellabant.
625 1637 677 1678 31
700 1645 843 1678 nactus
867 1638 940 1688 est]
967 1640 1124 1677 invenit.
1177 1637 1230 1677 32
1252 1638 1429 1689 perdite]
1456 1638 1568 1677 luxu-

162 1709 206 1739 ‘25
233 1701 349 1751 riose,
371 1699 636 1737 immoderate.
689 1696 742 1736 33
765 1697 1046 1747 impurissimo]
1069 1699 1307 1736 avarissimo.
1358 1695 1413 1736 35
1433 1700 1568 1736 oeulos

228 1757 418 1809 pascere]
445 1757 589 1809 videre,
617 1756 696 1795 scil.
718 1756 981 1807 voluptatibus
1008 1761 1046 1794 et
1072 1756 1173 1794 ludis
1200 1756 1386 1794 delectari
1412 1755 1568 1794 illorum

232 1829 457 1868 puerorum.
526 1816 654 1854 aliter:
698 1815 779 1853 scil.
817 1815 1107 1865 pulchritudine
1148 1814 1253 1852 illius
1295 1814 1568 1865 citharistriae‚

234 1878 324 1927 quia
355 1888 432 1914 non
464 1875 641 1926 habebat,
673 1874 774 1924 quod
808 1873 865 1911 illi
897 1873 1015 1911 daret.
1076 1871 1128 1912 37
1162 1885 1324 1922 operam
1357 1872 1566 1923 dabamus]

234 1934 574 1973 consentiebamus
612 1933 686 1985 illi,
730 1934 869 1970 ivimus
912 1944 1000 1970 cum
1038 1932 1114 1970 illo.
1190 1930 1243 1971 38
1283 1931 1567 1981 exadvorsum]

164 2003 207 2033 30
235 2007 254 2032 e
289 1994 493 2032 contrario.
545 1990 599 2031 39
633 1990 847 2040 tonstrina]
882 1991 1035 2029 officina
1066 1992 1249 2042 tonsoris,
1281 1990 1319 2028 id
1352 1996 1412 2028 est
1443 1991 1567 2028 statio.

234 2051 291 2092 40
318 2051 520 2102 opperiri]
554 2055 770 2102 expectare.
825 2047 882 2089 45
909 2049 1098 2099 viciniae]
1132 2051 1173 2087 in
1198 2050 1337 2087 vicinia
1369 2054 1501 2087 nostra
1530 2050 1567 2087 C.

235 2111 290 2151 53
318 2114 396 2150 due
423 2110 509 2160 nos]
542 2109 721 2161 procede.
771 2108 937 2160 Antipho
965 2109 1028 2147 ait.
1085 2106 1140 2148 56
1168 2107 1330 2158 passus]
1365 2119 1569 2159 expansus,

236 2170 447 2209 dissolutus
474 2171 511 2208 C.
568 2166 623 2208 58
657 2166 955 2217 extinyuerent]
989 2167 1239 2205 obfuscarent
1265 2167 1318 2205 M.
1381 2164 1437 2205 60
1467 2169 1570 2205 scita

236 2230 309 2280 est]
338 2230 506 2267 formosa
532 2233 601 2266 est.
646 2232 780 2266 noster
806 2225 916 2276 vero]
944 2227 1178 2276 interruptio
1200 2230 1269 2263 est.
1314 2223 1369 2265 63
1396 2224 1569 2274 copiam]

333 2347 347 2375 1
377 2340 574 2376 minuatim
602 2340 696 2384 OM,
730 2351 794 2375 om.
824 2339 867 2374 G.
966 2342 1008 2372 19
1036 2313 1203 2373 ausculto
1229 2338 1278 2374 E.
