1681 2576
530 84 823 119 Commentarius
850 84 1043 119 recentior.
1377 86 1398 125 1
1407 86 1428 126 7
1436 86 1460 126 3

115 196 348 234 seminarum
381 207 469 234 cum
502 194 587 233 aliis
624 194 822 232 sodalibus
855 200 992 245 captus
1025 200 1083 233 est
1117 207 1247 233 amore
1282 194 1461 246 Glycerii.

116 254 227 300 Quod
259 254 395 293 videns
434 258 544 305 pater
584 252 688 291 illius
721 254 886 291 nimium
918 255 1031 291 triste
1064 253 1152 291 tulit
1185 259 1221 292 et
1256 253 1459 292 simulabat

116 326 157 351 se
189 315 344 364 nuptias
377 312 586 363 celebrare,
614 317 805 362 quatenus
841 311 1037 363 probaret,
1071 312 1164 362 quid
1191 314 1273 363 ipse
1301 313 1460 351 haberet

116 374 155 410 in
187 374 329 423 animo,
360 377 493 410 utrum
518 370 630 408 vellet
664 383 827 409 uxorem
860 371 1016 422 ducere,
1049 383 1165 421 quam
1197 371 1363 410 habehat
1396 371 1461 410 de-

117 436 350 481 sponsatam,
377 443 424 469 311
445 430 666 480 Glycerium
686 435 833 481 tenere,
855 442 969 482 quam
991 430 1152 468 amabat.
1192 429 1289 468 Nam
1310 431 1462 481 ignora·
1514 441 1532 471 5

115 490 230 528 batur
255 489 301 527 ab
329 489 523 540 omnibus,
553 488 656 538 quod
683 489 767 539 ipsa
794 488 1016 539 Glycerium
1044 489 1119 527 filia
1147 494 1251 527 esset
1279 489 1462 528 Chreme-

115 550 185 600 tis,
224 554 258 587 et
299 561 387 586 cum
426 560 509 586 eam
543 546 730 585 Chremes
769 547 946 598 reliquit,
984 547 1142 598 parvula
1182 553 1263 586 erat
1302 553 1339 586 et
1375 548 1462 586 ideo

115 619 195 646 non
227 607 520 657 agnoscebatur.
570 605 669 644 Dum
697 611 826 644 autem
852 606 973 645 multa
1001 608 1201 644 contentio
1230 611 1333 645 esset
1360 608 1463 644 inter

117 663 316 708 Simonem
353 671 391 704 et
424 665 671 704 Chremetem
710 670 748 703 et
784 664 1029 716 Pamphilum
1068 665 1114 703 de
1155 666 1320 716 nuptiis,
1358 667 1462 704 venit
1531 708 1537 712 ,

119 725 275 775 quidam
309 737 428 775 senex
461 725 618 762 nomine
653 723 759 762 Crito
793 724 839 762 ab
871 724 1020 775 Andro,
1053 723 1180 762 insula
1212 724 1464 773 Graecorum,
1495 735 1534 765 10

118 789 154 821 et
188 784 485 834 demonstravit,
524 782 691 833 qualiter
729 785 811 834 ipsa
845 782 1066 833 Glycerium
1099 783 1175 821 filia
1208 788 1312 821 esset
1345 782 1463 821 Chre-

118 845 244 893 metis,
277 848 316 880 et
347 841 515 893 qualiter
547 841 746 893 praedicta
784 854 848 880 res
881 848 987 892 gesta
1021 847 1089 879 est.
1146 841 1227 880 Hoc
1261 842 1464 880 audientes

117 903 239 952 gavisi
273 906 363 940 sunt
388 901 511 951 valde,
543 906 581 939 et
607 900 841 952 Glycerium,
874 913 990 951 quam
1017 900 1199 951 diligebat
1226 900 1464 952 Pamphilus,

117 962 194 1011 ipsi
227 960 431 998 dederunt.
483 959 652 998 Alteram
678 972 770 997 vero
796 959 1079 1010 Philumenam,
1111 972 1227 1010 quam
1254 960 1464 1010 desponsa-

116 1024 265 1070 verant,
296 1019 487 1057 dederunt
521 1018 702 1069 Charino,
735 1018 858 1056 sodali
890 1020 985 1056 eius.
1493 1029 1535 1059 15

205 1078 321 1116 Andr.
347 1078 393 1129 II,
418 1075 457 1116 4.
513 1077 556 1115 In
587 1077 659 1115 1130
698 1089 837 1115 scaena
875 1077 1074 1115 inducitur
1107 1077 1213 1115 Simo
1247 1089 1366 1115 senex
1399 1078 1463 1116 de-
1478 1067 1645 1138 dmg,

118 1137 334 1188 cipiendus,
359 1143 399 1175 ut
434 1136 563 1175 audiat
591 1136 661 1174 filii
686 1136 925 1174 voluntatem
953 1136 998 1174 de
1026 1137 1186 1186 nuptiis.
1233 1148 1306 1186 qua
1334 1118 1660 1175 auditafzfiamff

118 1195 372 1234 frustrabitur
399 1197 483 1233 eius
510 1196 692 1246 intenti03
725 1200 761 1233 et
788 1195 861 1233 hoc
889 1196 1177 1233 convenienter.
1229 1194 1325 1233 Nam
1358 1200 1463 1246 post-

117 1267 233 1306 quam
258 1254 483 1305 Pamphilus
509 1253 647 1292 Miside
675 1259 810 1292 orante
838 1255 1084 1304 promiserat,
1111 1253 1214 1304 quod
1242 1253 1464 1305 Glycerium

117 1326 196 1352 non
222 1313 435 1365 desereret,
462 1318 500 1351 et
520 1313 687 1351 Charino
710 1312 910 1364 suadente,
930 1324 977 1350 ne
999 1312 1268 1350 Philumenam
1292 1313 1464 1364 duceret,
1492 1324 1534 1354 -20

119 1374 280 1423 insuper
306 1377 344 1410 et
370 1378 529 1422 accepto
557 1371 719 1409 consilio
740 1371 845 1422 Davi,
873 1371 1066 1422 quomodo
1094 1371 1132 1408 id
1159 1371 1299 1410 melius
1320 1378 1464 1422 ageret,

117 1443 196 1470 non
217 1430 400 1482 restabat,
421 1432 497 1469 nisi
512 1436 553 1469 ut
573 1436 684 1481 pater
704 1430 970 1481 induceretur,
991 1431 1057 1480 qui
1078 1430 1224 1469 diceret
1245 1430 1464 1481 Pamphilo:

121 1488 221 1528 ‘Duc
256 1487 453 1540 uxorem',
486 1495 521 1527 et
556 1501 600 1527 eo
634 1489 913 1540 respondente:
948 1486 1128 1527 ePraesto
1163 1487 1270 1527 sum’
1305 1502 1373 1527 sua
1407 1491 1464 1528 in-

119 1550 240 1587 tentio
273 1560 383 1586 cassa
416 1549 499 1586 suit.
554 1548 756 1586 Inducitur
789 1560 880 1597 crgo
914 1549 1039 1598 primo
1068 1547 1173 1585 Simo
1206 1547 1371 1598 loquens
1405 1561 1464 1586 se-

119 1618 207 1645 cum
241 1619 360 1657 super
391 1608 465 1645 isto
500 1608 667 1658 negotio,
700 1607 852 1645 dicens:
886 1606 1025 1644 Reviso
1053 1612 1131 1644 etc.
1490 1618 1534 1648 25

207 1688 261 1692 -—
287 1665 333 1717 Il,
358 1663 396 1705 5.
441 1665 483 1703 In
514 1665 586 1704 1130
619 1678 756 1703 scaena
785 1665 1024 1703 inducuntur
1051 1670 1234 1716 quattuor
1260 1678 1464 1717 personae,

119 1724 267 1763 scilicet
300 1724 452 1775 Byrria,
491 1724 615 1776 Simo,
652 1724 894 1775 Pamphilus,
932 1723 1076 1774 Davus,
1116 1729 1276 1775 propter
1308 1737 1463 1763 causam

120 1795 236 1834 supra
269 1784 425 1834 dictam,
456 1789 499 1821 ut
526 1783 671 1821 scilicet
702 1783 808 1821 Simo
837 1782 1038 1821 fraudetur
1065 1782 1111 1820 ab
1139 1795 1207 1821 sua
1235 1784 1462 1822 intentione.

118 1841 245 1880 Etiam
278 1842 477 1880 inducitur
509 1843 788 1880 convenienter
814 1841 961 1893 Byrria,
994 1847 1035 1879 ut
1062 1842 1192 1880 audiat
1218 1841 1463 1893 Pamphilum

119 1900 334 1939 concedere
368 1902 468 1951 patri
495 1906 532 1939 ot
559 1901 687 1939 audita
716 1901 860 1939 referat
886 1900 1066 1952 Charino,
1099 1900 1201 1950 quod
1231 1902 1270 1938 in
1298 1914 1463 1952 scquen-
1491 1913 1535 1942 30

121 1959 224 1997 tibus
257 1959 301 1997 ad
336 1959 660 1998 disturbationem
694 1961 918 2010 nuptiarum
945 1959 1102 1997 iuvabit.
1153 1959 1344 2010 Loquitur
1371 1973 1462 2011 crgo

119 2017 253 2069 Byrria
287 2050 293 2056 .
317 2050 323 2056 .
346 2050 352 2056 .

208 2076 398 2128 -11‚6.
450 2076 491 2115 111
532 2077 603 2115 1130
645 2090 781 2115 scaena
823 2076 1020 2115 inducitur
1062 2076 1186 2115 Davus
1229 2079 1464 2116 confirmans

216 2181 258 2212 16
284 2178 388 2213 Haec
411 2190 521 2231 usque
547 2180 595 2214 ad
619 2180 726 2222 finem
751 2190 795 2214 ca:
820 2179 852 2213 D
876 2180 993 2223 petita
1011 2182 1115 2214 sunt:
1139 2179 1228 2221 folio
1255 2180 1464 2214 circumciso

114 2236 257 2269 paucae
284 2226 422 2260 litterae
448 2227 488 2260 m
512 2226 576 2260 hoc
601 2231 633 2260 ct
657 2227 817 2271 sequenti
836 2227 969 2261 scholio
984 2226 1185 2269 perierunt.
1333 2230 1374 2259 19
1395 2226 1464 2260 Mi-

121 2271 218 2307 side.
234 2274 349 2355 rgntte.
442 2276 486 2306 29
513 2272 641 2307 Birria.
741 2276 783 2307 32
807 2277 889 2317 post
908 2271 1029 2306 Birria.
1056 2284 1150 2306 unns
1178 2284 1298 2308 versus
1323 2274 1462 2310 decisus

118 2330 189 2354 esse
213 2331 246 2355 υἰ
276 2331 292 2354 e
313 2331 365 2354 ur.
