1681 2576
199 109 219 150 1
228 109 249 149 1
256 108 282 150 8
613 109 905 144 Commentarius
932 109 1129 154 antiquior.

197 219 369 270 quoque]
412 219 713 258 mutabilitatem
754 222 964 259 amantium
1008 222 1189 272 exprimit
1229 222 1266 259 C.
1331 218 1414 260 115
1446 222 1541 260 huic

196 279 368 329 homini]
408 279 521 330 mihi,
560 280 672 329 quasi
705 279 825 329 digito
863 281 992 330 tetigit
1028 292 1080 318 se.
1146 278 1228 319 116
1262 292 1312 319 ne
1342 278 1538 329 utiquam]

197 349 453 388 nequaquam.
513 335 594 375 121
624 338 817 388 demiror]
846 338 955 377 valde
982 341 1114 377 miror.
1168 336 1251 376 123
1283 341 1322 377 in
1349 337 1540 387 tempore]

199 402 400 447 oportune.
460 393 545 434 124
572 396 764 446 primum]
799 398 989 447 optimum
1016 398 1075 435 vel
1105 409 1302 435 summum
1332 398 1416 435 GE.
1475 398 1542 447 qui

151 465 170 494 5
198 455 344 506 aliquid
378 455 457 493 vult
495 457 724 507 impetrare,
762 468 923 494 necesse
957 462 1034 508 est,
1072 462 1115 495 ut
1146 458 1275 494 veniat
1308 456 1354 494 ad
1387 460 1542 506 tempus

198 519 454 565 oportunum,
496 514 535 551 id
568 519 644 566 est,
686 515 840 564 quando
879 517 1122 565 oportunitas
1162 520 1200 554 et
1234 516 1437 554 serenitas.
1500 526 1544 552 ae

198 573 345 611 laetitia
371 585 461 611 cum
491 572 556 611 illa
586 578 680 625 erat,
713 586 784 624 ego
812 573 949 612 adveni
976 575 1077 625 apud
1104 574 1262 612 domum
1289 573 1404 612 illius.
1441 573 1541 612 DM.

201 630 285 671 125
319 637 408 671 arte
439 632 661 681 traelabat]
696 634 837 671 astutia
870 633 1087 671 deludebat.
1153 631 1235 672 126
1270 631 1422 682 inopia]
1457 644 1543 670 cru-

200 693 367 730 ciatione
389 692 544 729 amoris.
591 689 673 729 129
697 693 752 730 ad
775 693 849 730 has
875 691 957 741 res]
986 692 1031 729 ad
1054 705 1205 730 amores
1227 691 1544 730 considerandos.

131 758 173 788 10
195 750 435 800 perspicax]
465 755 638 801 argutUS,
664 750 906 801 praevidens.
961 749 1044 789 130
1066 750 1261 800 inpotens]
1284 751 1544 788 incontinens.

202 807 284 848 131
320 809 497 859 inversa]
538 809 659 847 devia.
723 809 900 859 eversas]
941 809 1150 848 dissolutas
1183 814 1222 848 et
1254 811 1432 861 supinas,
1469 809 1544 847 huc

200 869 371 919 illucque
398 873 651 906 revertentes.
712 866 793 906 132
820 868 1023 918 screatus]
1059 881 1213 907 screare
1247 873 1307 906 est
1339 880 1480 919 spuere
1508 874 1545 906 et

201 927 381 978 phlegma
413 939 593 977 purgare.

823 1010 868 1061 11,
893 1007 933 1048 4.

129 1089 176 1119 15
291 1081 465 1132 Bacchis,
499 1082 622 1119 amica
646 1076 891 1132 Clitiphonis,
917 1080 1166 1131 Antiphilam,
1199 1081 1363 1118 amicam
1389 1079 1550 1131 Cliniae,

204 1140 383 1178 laudabat
409 1145 447 1178 et
473 1141 547 1178 ista
574 1139 755 1178 similiter
786 1139 902 1191 illam,
936 1140 1027 1177 dum
1054 1141 1168 1178 irent.
1228 1138 1250 1178 7
1280 1141 1393 1178 istius
1419 1138 1548 1188 modi]

203 1205 283 1237 tam
309 1199 443 1251 bonas,
469 1204 512 1237 ut
539 1199 636 1237 dico.
691 1197 716 1238 8
744 1198 886 1248 bonas]
920 1198 1094 1250 pudicas,
1127 1210 1224 1249 quae
1251 1197 1368 1236 vultis
1395 1197 1549 1248 placere

204 1260 273 1297 uni
304 1260 406 1310 viro,
444 1270 523 1296 non
554 1258 699 1296 multis.
745 1256 846 1296 DM.
909 1270 986 1296 non
1018 1256 1172 1306 sinunt]
1212 1262 1423 1307 amatores,
1461 1268 1551 1294 cum

207 1317 348 1368 quibus
381 1319 465 1368 ipsa
498 1330 561 1355 res
595 1322 664 1355 est.
727 1328 811 1354 rem
844 1316 1040 1367 appellant
1069 1321 1267 1367 stuprum,
1307 1315 1410 1366 quod
1443 1317 1549 1366 ipsae

136 1384 180 1415 20
207 1382 408 1428 peragunt.
475 1374 526 1415 11
561 1375 762 1426 desertae]
797 1375 1024 1426 derelictae,
1057 1377 1212 1426 inopes,
1249 1379 1338 1425 post
1370 1375 1551 1412 amissam

207 1437 382 1474 formam.
430 1434 481 1474 17
511 1434 730 1484 commodo]
760 1436 1021 1485 prosperitate
1049 1440 1087 1472 et
1112 1433 1292 1471 utilitate.
1337 1432 1431 1483 vale]
1460 1432 1550 1471 sub-

207 1496 408 1533 sannantis
448 1493 694 1545 adverbium,
734 1499 771 1531 et
805 1506 939 1531 secum
978 1493 1151 1544 loquitur
1182 1493 1282 1531 ΒΜ.
1353 1489 1406 1530 19
1440 1491 1550 1542 cepi]

208 1555 388 1592 sustinui.
452 1551 508 1591 24
541 1552 730 1602 disperii]
764 1552 872 1590 valde
906 1554 1017 1603 perii.
1082 1550 1136 1591 26
1170 1554 1301 1590 anime
1332 1550 1407 1601 mi]
1444 1550 1552 1589 blan-

209 1613 352 1651 dientis
385 1612 623 1651 adverbium

137 1703 180 1733 25
818 1693 881 1745 ΙΙΙ,
910 1692 945 1732 1.
982 1704 986 1708 ·

298 1766 485 1804 Chremes
524 1778 611 1804 sero
651 1766 826 1816 suscepit
856 1764 1092 1802 Bacchidem
1124 1768 1161 1801 et
1194 1762 1432 1814 Antiphilam
1465 1774 1554 1800 cum

208 1825 458 1864 multitudine
498 1825 744 1875 ancillarum,
782 1826 823 1861 in
856 1822 999 1874 quibus
1035 1834 1214 1873 magnam
1253 1833 1464 1872 expensam
1499 1826 1555 1859 at-

208 1883 347 1922 tribuit
387 1889 465 1922 tam
506 1885 586 1921 vini
627 1896 743 1934 quam
785 1884 902 1921 etiam
944 1881 1198 1932 cibariorum,
1242 1881 1346 1919 unde
1389 1879 1555 1931 dicebat,

210 1943 303 1982 dum
329 1955 467 1981 aurora
494 1942 705 1993 incipiebat
731 1942 860 1980 lucem
880 1941 971 1979 dare
998 1940 1094 1978 diei:
1123 1942 1199 1978 iam
1226 1940 1406 1992 lucescit3
1433 1951 1554 1990 quare

139 2011 184 2041 30
212 2014 323 2040 cesso
356 2002 511 2053 pulsare
545 2003 688 2040 ostium
714 2000 934 2039 Menedemi
966 2005 1005 2037 et
1036 2001 1297 2050 innotescere,
1330 1999 1420 2049 quia
1451 1997 1554 2036 filius

212 2063 297 2099 eius
339 2074 359 2099 a
399 2061 536 2099 militia
582 2060 792 2112 repedatus
834 2057 921 2097 est‘?
991 2057 1013 2097 1
1055 2057 1235 2108 pultare]
1278 2069 1348 2108 pro
1385 2057 1554 2108 pulsare.

214 2118 266 2158 11
308 2119 581 2169 Menedenws]
625 2131 760 2158 secum
800 2120 874 2156 ista
915 2117 1090 2168 loquitur
1128 2116 1306 2155 dolendo.
1375 2115 1554 2165 eyreqz'e]

215 2179 475 2230 singulariter.
536 2178 588 2217 13
617 2181 719 2218 diem
747 2180 928 2217 adimere
957 2175 1270 2225 aeqrz'tude‘nem]
1303 2181 1457 2226 tempus
1484 2173 1556 2212 tol-

213 2238 293 2276 lere
331 2240 542 2277 tristitiam.
608 2236 659 2277 17
699 2236 901 2286 Chremes]
940 2236 1192 2287 persequitur
1224 2234 1410 2273 Chremes
1446 2245 1556 2272 suam

311 2355 354 2386 13
380 2352 511 2387 flecma
536 2352 590 2387 vel
614 2351 750 2397 flegma
776 2351 872 2386 libri.
971 2352 1014 2382 29
1042 2348 1146 2394 dare]
1173 2347 1296 2382 clarae
1322 2347 1415 2382 DE.
