1681 2576
524 91 669 135 Hecyra
694 89 738 134 ΙΙ,
760 92 777 122 1
795 109 837 114 -
853 88 914 131 ΙΙΙ,
938 92 968 123 1.
1337 83 1421 125 143

78 210 271 256 mentum⁷
313 203 415 254 quod
453 213 619 253 nequam
650 201 766 239 homo
799 200 890 237 facit
920 201 1082 249 propter
1114 196 1248 234 solitos
1280 207 1421 233 mores.

78 262 131 303 41
155 263 276 313 enim]
299 268 414 301 certe.
454 259 614 311 oppido]
636 259 757 298 valde.
802 256 858 296 43
879 256 993 306 quin]
1015 268 1113 307 quae
1133 268 1222 294 non.
1259 252 1315 293 45
1336 257 1418 293 exi-

76 323 194 373 gaunt]
239 321 437 373 expellunt
478 320 548 358 filii
589 320 676 370 ipsi.

695 453 740 506 11,
768 452 804 491 2.

168 534 396 586 Phidippus,
427 538 538 584 pater
566 531 830 582 Philumenae,
863 530 955 568 dum
987 528 1214 579 loqueretur
1246 540 1334 565 cum
1367 540 1423 578 ea,
1472 538 1492 569 5

79 596 216 636 nescio,
240 606 314 644 qua
341 593 388 631 de
415 604 530 630 eausa
557 590 685 629 subito
713 590 868 628 advenit
893 588 1053 639 Laches,
1084 592 1195 638 pater
1221 585 1422 636 Pamphili.

82 652 103 693 1
138 665 265 692 meum
291 651 370 701 ius]
396 663 522 689 meam
542 655 786 701 potestatem.
825 646 851 687 ἵ)
873 646 1071 697 adprime]
1092 647 1270 684 maxime.
1310 644 1335 684 6
1358 644 1422 693 fa-

80 711 230 762 cilitas]
264 711 415 749 lenitas.
468 709 490 749 7
525 711 633 758 quod
662 714 703 747 tu
737 707 828 757 eta]
863 720 906 746 ac
939 707 973 744 si
1005 706 1171 744 diceret:
1211 706 1244 743 si
1277 704 1424 742 dicioni

78 777 168 809 tuae
201 769 463 809 subderentur
489 769 592 807 servi
618 769 676 806 tui
703 772 740 805 et
766 766 953 805 voluntati
978 770 1067 803 tuae
1094 769 1423 815 optemperarent,

65 831 199 883 „sicuti
230 830 308 867 mei
339 828 437 866 mihi
469 828 634 878 faciunt,
674 819 903 864 Philumena
936 824 1151 862 secundum
1182 828 1294 861 tuum
1325 821 1425 860 velle
1453 833 1494 863 10

80 893 355 927 reverteretur.
390 888 487 925 EM.
544 885 598 926 28
638 888 753 924 aliud
787 882 980 934 fortasse]
1024 882 1089 921 alii
1128 882 1278 920 homini
1319 881 1423 920 aliud

78 949 165 985 vitii
191 952 260 985 est.
305 946 418 985 aliter
444 945 542 997 aliis,
567 941 610 983 ut
637 946 686 982 sit
712 943 904 994 generalis
932 943 1125 980 sententia
1146 943 1190 980 E.
1236 939 1290 979 29
1317 940 1422 989 hem]

80 1007 300 1044 irascentis.
352 1004 554 1054 Sostrata]
589 1003 670 1042 scil.
703 1003 774 1041 hoc
808 1004 898 1053 egit.

698 1138 743 1190 ΙΙ,
769 1136 806 1176 3.

170 1215 195 1256 3
210 1217 390 1266 noxiam]
407 1216 570 1267 eulpam.
600 1215 622 1254 7
639 1218 770 1254 multis
781 1213 924 1264 modis]
940 1215 980 1252 in
992 1215 1109 1252 variis
1124 1214 1314 1263 angustiis
1327 1213 1423 1251 EM.
1454 1220 1495 1252 15

690 1350 752 1402 111,
781 1348 817 1388 1.

170 1429 384 1467 Revertens
416 1427 640 1479 Pamphilus
673 1427 719 1466 de
752 1426 881 1465 Imbro
914 1431 956 1465 ut
988 1427 1180 1477 comperit
1211 1425 1258 1463 de
1292 1436 1426 1475 uxore,

83 1490 212 1540 eoepit
238 1489 291 1526 ita
310 1487 428 1538 loqui.
473 1486 498 1525 2
519 1489 694 1526 hancine
714 1498 786 1534 eqo
808 1489 928 1524 vitam
950 1488 1070 1535 parsi
1089 1483 1282 1539 perdere]
1305 1495 1425 1534 quare

82 1560 160 1586 non
193 1552 371 1585 mortuus
398 1544 513 1585 sum?
544 1547 650 1596 parsi
681 1557 751 1596 pro
778 1546 949 1596 peperci.
994 1556 1110 1595 parco
1138 1544 1229 1582 facit
1254 1544 1361 1593 parsi
1388 1547 1427 1580 et

84 1607 254 1657 peperci.
310 1603 339 1644 4
367 1603 676 1655 praestabilius]
715 1603 867 1642 melius
924 1605 1052 1642 ubivis
1087 1601 1284 1652 qentz'um]
1324 1601 1423 1653 apud
1451 1609 1496 1641 20

84 1665 277 1716 quaslibet
314 1669 461 1715 gentes.
520 1663 542 1703 7
586 1675 699 1703 omne
736 1664 845 1712 quod
880 1668 937 1702 est
974 1662 1065 1711 eta]
1106 1674 1220 1699 omne
1258 1666 1426 1712 tempus,

84 1724 187 1776 quod
218 1725 384 1762 interest
416 1724 519 1761 inter
550 1722 694 1761 malum
725 1727 919 1773 patratum
953 1726 991 1759 et
1019 1722 1283 1772 cognitionem
1309 1719 1426 1771 illius,

83 1796 153 1834 pro
186 1783 294 1822 luero
326 1781 501 1821 habetur.
553 1781 578 1821 8
611 1787 655 1821 at
683 1781 750 1830 sit]
785 1782 1055 1819 concessivum
1093 1784 1163 1818 est.
1214 1779 1430 1829 expedias]-

85 1841 271 1881 absolvas.
323 1839 375 1881 17
404 1840 607 1891 expedivi]
635 1840 794 1892 absolvi,
821 1841 978 1878 retraxi.
1031 1837 1084 1877 22
1113 1838 1325 1887 obnoxius]
1360 1837 1425 1875 de-

83 1901 198 1939 bitor.
244 1899 296 1940 27
325 1912 403 1940 non
423 1903 621 1939 maximas
641 1899 731 1949 eta]
760 1899 798 1937 id
825 1904 885 1938 est
910 1898 1002 1937 licet
1027 1900 1130 1936 inter
1150 1910 1214 1936 eas
1235 1898 1424 1935 maximae
1452 1904 1496 1937 25

85 1962 163 1998 sint
188 1961 282 2012 irae,
308 1971 386 1997 non
406 1959 552 1998 faciunt
577 1964 706 1998 tamen
731 1960 920 1997 maximas
941 1959 1115 1995 iniurias
1140 1958 1183 1995 Ε.
1226 1955 1280 1995 28
1307 1968 1427 2005 saepe

85 2018 159 2069 est]
182 2019 312 2057 evenit
336 2018 416 2057 CE.
457 2019 567 2069 quasi
588 2018 753 2056 diceret:
774 2030 889 2068 saepe
911 2018 1039 2055 evenit
1059 2018 1162 2054 inter
1182 2015 1427 2066 lenianimos,

87 2083 139 2130 ut,
172 2089 260 2117 cum
292 2076 505 2128 loquuntur
537 2079 640 2116 inter
672 2089 713 2115 se
746 2077 793 2115 de
832 2075 1028 2127 aliquibus
1062 2075 1197 2126 rebus,
1236 2075 1426 2112 irascatur

84 2149 200 2189 unus,
232 2136 330 2175 alius
357 2148 434 2174 non
461 2137 651 2174 irascatur
676 2135 811 2174 eadem
840 2148 894 2187 re,
925 2134 1027 2173 unde
1056 2136 1177 2172 iratus
1204 2146 1305 2171 unus
1332 2138 1426 2184 erat,

66 2196 177 2255 'dum
212 2196 385 2233 fomitem
418 2196 498 2233 irae
532 2196 660 2233 serens
693 2195 816 2233 faetus
849 2199 908 2232 est
938 2194 1244 2232 inimicissinms.
1273 2193 1328 2230 ira
1356 2197 1426 2244 est,
1453 2200 1497 2232 30

181 2324 381 2377 8⁸(lieionij
409 2330 562 2367 dieitoni
585 2331 629 2366 E.
751 2334 796 2365 28
823 2335 854 2366 et
880 2334 924 2365 29
950 2314 1147 2375 irasc-atur]
1181 2329 1354 2364 irascitur
1379 2329 1424 2364 Ε.
