1681 2576
574 60 716 104 Andria
739 60 783 104 Π,
805 59 947 103 3-111,
970 62 1000 93 1.
1405 58 1461 99 85

736 169 781 222 ΙΙ,
807 167 845 209 5.

207 242 399 281 Charinus
438 242 627 280 recedens
665 253 685 279 a
719 240 921 291 Pamphilo
961 241 1114 278 remisit
1153 251 1308 278 servum
1347 251 1463 278 suum

102 300 296 351 'Byrriam
327 301 552 352 providere,
591 299 684 351 quid
715 299 939 350 Pamphilus
972 299 1019 337 de
1052 301 1201 350 nuptiis
1234 303 1376 349 ageret.
1422 300 1462 336 in

119 360 247 398 eundo
280 362 400 411 igitur
432 361 571 398 tacitus
604 359 699 397 haee
727 370 861 397 secum
887 358 1051 397 dicebat.
1081 360 1119 397 C.
1169 355 1198 396 4
1222 359 1298 397 hoc
1324 356 1461 406 aqam]

119 419 222 469 quod
256 431 346 457 erus
383 419 585 469 praecepit
616 430 740 456 meus.
803 415 829 457 ὃ
860 416 996 466 serva]
1031 430 1120 456 cave
1157 422 1308 468 patrem
1339 422 1461 455 tuum.
1513 422 1533 453 5

117 477 142 517 6
170 480 288 527 quasi
311 477 402 527 eta]
430 478 471 515 in
497 489 643 515 aurem.
691 476 712 516 7
736 475 881 526 probe]
907 476 1007 514 bene
1029 476 1277 527 respondisti.
1322 476 1395 514 hoe
1422 477 1463 513 in

116 549 251 575 aurem
278 535 521 587 loquebatur.
577 533 632 574 10
655 535 866 585 obmutuit]
896 540 1007 587 pater
1030 540 1133 587 tuus,
1167 537 1269 574 sicut
1294 535 1392 586 dixi3
1425 540 1463 572 et

114 595 210 634 haee
230 597 270 633 in
291 607 436 634 aurem.
478 592 532 634 15
552 596 718 634 verbum
739 594 813 644 est]
834 594 1086 646 proverbium
1106 599 1176 633 est.
1220 592 1276 632 20
1296 592 1461 643 malum]

114 666 290 705 poenam.
450 658 454 661 '

735 718 781 770 ΙΙ,
808 718 845 758 6.
1491 734 1533 766 10

204 788 397 840 Loquitur
430 801 562 827 seeum
595 790 647 827 ita
683 788 827 841 Davus,
861 791 973 840 quasi
1004 790 1194 841 nesciret,
1237 789 1340 840 quod
1373 801 1463 828 eum

115 847 296 887 dominus
323 848 487 887 audiret.
510 849 564 886 M.
617 846 641 886 3
663 850 763 897 quid
781 850 913 887 Davos
940 848 1110 898 narrat]
1137 860 1216 886 non
1243 850 1463 901 irascentis,

113 908 231 945 immo
259 909 540 958 interrogantis
568 919 657 945 cum
685 907 918 958 quibusdam
951 907 1151 946 blanditiis
1185 908 1222 945 D
1247 920 1352 946 man.
1378 920 1461 946 ree.

116 979 243 1015 aeque
274 969 490 1015 quiequam
522 978 630 1005 nune
663 965 839 1016 quidem]
873 966 971 1004 nihil
1008 968 1039 1005 Ο
1061 979 1164 1005 man.
1192 979 1273 1005 rec.
1301 989 1355 993 ——
1390 979 1460 1017 ego

114 1025 273 1075 quidem
311 1025 458 1076 aliquid
490 1037 607 1063 narro
640 1037 762 1076 aeque
799 1026 895 1064 GM.
930 1047 984 1052 —
1019 1025 1155 1076 supple
1189 1025 1294 1077 dico,
1330 1026 1368 1063 id
1402 1032 1461 1064 est
1491 1029 1532 1060 15

114 1084 329 1134 aequaliter
349 1086 570 1135 quicquam,
591 1084 695 1134 quod
715 1084 820 1122 idem
841 1089 912 1136 est,
937 1084 1039 1135 quod
1060 1084 1168 1122 nihil.
1208 1084 1290 1123 vult
1311 1085 1460 1123 dicere:

112 1142 210 1180 nihil
236 1143 323 1181 dieo
351 1143 587 1195 singulatim,
620 1143 689 1181 sed
716 1155 838 1193 aeque
866 1145 1008 1195 omnia,
1041 1149 1079 1181 et
1106 1145 1194 1194 quia
1223 1145 1351 1182 omnia
1382 1156 1461 1182 non

112 1206 277 1252 possunt
308 1202 397 1254 dici,
430 1202 517 1239 ideo
557 1203 747 1253 sequitur,
781 1203 882 1252 quod
921 1202 1018 1240 1111111
1052 1203 1149 1240 dico.
1207 1202 1254 1241 ab
1287 1204 1459 1253 antiquis

111 1260 309 1300 interdum
351 1261 578 1311 capiebatur
619 1273 689 1311 pro
731 1263 937 1311 negatione
983 1263 1111 1308 (man.
1144 1274 1226 1301 rec.
1263 1264 1303 1300 in
1339 1263 1458 1309 DE).

113 1316 139 1358 5
178 1325 348 1369 praeter
387 1319 512 1370 spem]
558 1332 702 1358 seeum.
780 1318 833 1359 16
871 1320 1095 1370 subtristis]
1141 1322 1529 1372 paru1n·tristis.20

113 1376 169 1417 20
204 1380 410 1418 drachmis
557 1410 564 1417 .
607 1378 761 1428 decem]
804 1379 841 1417 id
881 1384 941 1417 est
978 1379 1078 1417 XXV
1110 1379 1361 1419 denariorum
1398 1380 1457 1417 vel

111 1436 234 1489 XXX,
271 1442 388 1488 prout
422 1439 538 1476 uncia
570 1438 697 1476 fuerit.
755 1437 912 1488 dragma
946 1439 1048 1476 enim
1087 1439 1239 1489 pondus
1272 1444 1331 1477 est
1363 1439 1457 1478 duo-

112 1509 201 1534 rum
234 1496 484 1534 denariorum
511 1501 549 1534 et
575 1496 694 1534 medii
719 1494 808 1547 <vel
834 1495 990 1548 11111111>.
1043 1499 1075 1535 si
1102 1499 1216 1536 uncia
1244 1499 1362 1536 suerit
1387 1510 1458 1549 per

113 1555 181 1593 XX
211 1555 405 1607 denarios,
438 1555 574 1593 decem
606 1555 787 1606 dragmae
821 1561 936 1594 erunt
966 1555 1066 1593 XXV
1099 1556 1266 1608 denarii,
1300 1559 1332 1595 si
1365 1570 1455 1595 vero

110 1626 182 1665 per
208 1614 326 1653 XXIV
352 1614 534 1653 denarios
561 1616 676 1653 unt-ia
703 1616 833 1666 fuerit,
865 1615 1046 1665 dragmae
1074 1615 1209 1654 decem
1229 1615 1334 1654 XXX
1360 1628 1454 1667 pon-
1482 1619 1526 1650 25

111 1673 183 1712 (lus
216 1678 333 1712 erunt
364 1674 626 1712 denariorum.
660 1674 715 1712 M.
773 1674 929 1724 dragma
957 1680 1016 1712 est
1042 1679 1174 1713 octava
1199 1688 1289 1726 pars
1317 1677 1453 1713 unciae

111 1734 176 1779 (m.
204 1746 238 1771 r.
266 1735 306 1772 in
333 1734 429 1778 DE)
463 1737 502 1771 et
532 1734 648 1771 uncia
681 1732 910 1771 duodecima
944 1746 1033 1784 pars
1067 1733 1200 1772 librae.
1246 1736 1284 1772 E
1302 1737 1368 1781 (m.
1388 1738 1452 1782 ru).

112 1791 164 1840 cf.
192 1793 288 1831 Isz'd.
314 1792 432 1839 XVI,
453 1792 520 1839 25,
540 1792 603 1830 13.
661 1797 717 1831 est
744 1792 973 1841 obsonatus]
1005 1798 1065 1831 est
1091 1795 1317 1832 convivatus
1342 1799 1454 1845 pater

109 1862 230 1888 meus.
276 1848 330 1889 23
358 1847 589 1900 dicendum]
617 1851 973 1903 improperandum.
1018 1850 1072 1891 26
1100 1852 1320 1903 veterator]
1349 1854 1451 1903 cogi—

111 1913 210 1947 tator
242 1913 418 1948 veterum
449 1909 639 1948 malorum
674 1909 747 1959 [Ds
779 1910 958 1962 callidus,
991 1913 1174 1961 antiquus
1207 1913 1247 1950 in
1280 1912 1450 1961 astutiaj.
1479 1915 1523 1946 30

715 2022 777 2074 ΙΙΙ,
807 2020 841 2060 1.

197 2091 274 2130 Ista
300 2091 417 2143 Mysis
450 2092 587 2131 ancilla
620 2098 703 2132 erat
730 2092 912 2145 Glyeerii,
945 2106 1060 2144 quam
1092 2095 1253 2132 miserat
1285 2094 1331 2132 ad
1358 2093 1449 2132 Les-

108 2150 230 2203 biam,
272 2156 314 2189 ut
351 2156 505 2202 partum
545 2153 753 2203 exciperet.
817 2158 855 2190 et
893 2153 985 2190 dum
1019 2154 1168 2192 veniret
1206 2166 1358 2205 serum,
1396 2153 1449 2190 lo-

202 2256 246 2286 23
266 2252 327 2287 vel
352 2252 465 2287 trium
485 2254 624 2288 addidi.
704 2258 747 2289 29
769 2254 999 2299 excogitator
1010 2254 1055 2289 E.
1137 2258 1180 2289 30
1201 2254 1239 2289 111
1260 2254 1448 2290 astutiam.

107 2302 150 2333 32
177 2299 343 2346 miserat]
370 2300 473 2335 misit
498 2301 546 2336 D.
