1681 2576
183 111 270 155 120
597 109 889 146 Commentarius
916 109 1113 154 antiquior.

185 224 285 262 dida.
333 221 387 262 13
407 222 523 273 sane]
551 221 671 260 valde.
719 220 772 260 19
796 224 925 260 istunc
951 220 1164 270 servolum]
1193 220 1451 259 dissimulavit
1471 234 1527 260 se.

185 281 242 322 20
269 281 390 332 Syre]
426 293 571 332 secum,
597 281 834 330 interruptio
862 285 930 318 est.
988 281 1061 318 tibi
1085 279 1220 329 timul]
1252 279 1427 318 absolute
1452 280 1527 319 tihi

184 343 318 392 timui,
358 346 402 380 ut
438 342 479 378 in
516 340 661 378 Andria
697 335 839 392 (210):
885 340 921 377 ei
961 340 1092 389 timui,
1134 339 1218 376 eius
1255 340 1355 376 vitae
1394 340 1524 378 timeo.

186 399 242 440 25
271 399 428 449 qarrz's]
467 400 638 437 inaniter
674 397 846 448 loqueris
881 398 1024 436 DGM.
1082 398 1230 447 garrire
1269 399 1427 448 proprie
1466 403 1527 436 est

142 470 162 499 5
191 461 361 498 inaniter
392 458 511 508 loqui.
568 457 658 495 inde
689 456 754 494 ille
783 468 937 506 quoque
969 456 1113 494 dicitur
1145 457 1305 508 garrire,
1339 457 1406 506 qui
1431 469 1527 495 vana

186 518 247 556 vel
267 517 361 556 falsa
379 529 555 568 quaeque
576 516 749 567 loquitur
763 517 808 554 E.
842 514 896 554 26
918 518 957 554 in
975 514 1078 564 loco]
1101 519 1305 566 oportuno.
1339 514 1394 554 29
1411 515 1526 565 huic]

187 576 409 627 exemplum
447 575 495 614 de
532 576 742 626 praesenti.
806 571 862 612 34
892 573 1074 624 stolidus]
1114 574 1243 612 fatuus
1282 586 1417 612 servus
1450 574 1527 612 ille.

187 636 380 675 stoliditas
419 640 479 673 est
515 634 743 685 insipientia
785 637 824 671 et
860 633 1027 671 fatuitas.
1089 633 1180 671 inde
1216 645 1370 684 quoque
1411 633 1529 671 homo

188 696 331 734 dicitur
372 693 536 732 stolidus
574 692 635 731 vel
675 693 869 742 insipiens
906 691 967 729 vel
1007 692 1134 730 fatuus
1173 693 1217 730 E.
1293 690 1346 731 37
1381 691 1526 741 calleo]

118 763 162 793 10
188 759 340 793 astutus
368 765 465 804 sum,
491 752 552 790 vel
577 751 792 803 prudenter
816 752 907 789 scio.
947 748 1002 790 38
1022 750 1178 800 melior]
1206 751 1286 789 scil.
1309 763 1363 802 es,
1384 756 1527 801 quanto

187 813 328 852 melius
362 813 476 863 sapis.
538 823 616 850 non
649 816 706 849 est
737 812 900 848 mentiri
929 809 1073 859 meum]
1105 821 1184 847 non
1216 815 1369 861 oportet
1400 822 1530 860 neque

189 873 246 911 fas
279 876 338 910 est
371 882 527 909 servum
558 870 719 908 mentiri
752 868 909 906 domino
943 880 1025 920 suo,
1058 868 1126 906 sed
1157 870 1199 906 in
1231 868 1412 907 omnibus
1438 881 1529 907 vera

190 932 322 969 dicere
343 931 388 968 E.
446 927 500 968 39
529 928 639 978 dum]
673 927 765 966 dum
795 932 924 978 potest
949 927 1012 965 hic
1039 939 1126 965 esse
1153 927 1336 978 syllabica
1361 928 1529 966 adiectio

190 992 290 1028 sicut
317 991 359 1027 in
378 988 524 1027 Andria
542 984 656 1041 (29):
683 986 871 1025 adesdum
891 988 937 1025 D.
981 983 1040 1024 44
1058 989 1202 1034 siquid,
1228 985 1381 1036 nequit]
1403 986 1531 1037 modo,

119 1058 162 1088 15
189 1061 278 1087 mox
305 1054 435 1087 tamen
462 1048 618 1098 poterit.
663 1046 802 1084 DCM.
859 1045 989 1083 aliter:
1023 1045 1165 1097 siquid,
1197 1045 1355 1097 nequid,
1387 1045 1427 1083 id
1454 1050 1532 1083 est:

190 1110 270 1146 sive
292 1107 438 1158 aliquid
461 1108 540 1144 sive
564 1105 662 1143 nihil
682 1106 809 1156 faciat,
835 1110 873 1142 et
894 1106 944 1142 sit
964 1104 1110 1154 nequid
1131 1105 1242 1155 quasi
1267 1117 1346 1142 non
1372 1103 1533 1154 aliquid.

796 1233 859 1286 ΠΙ,
887 1232 922 1272 3.

268 1308 466 1346 Chremes
503 1306 640 1344 videns
679 1305 802 1343 filium
841 1317 956 1343 suum
988 1303 1249 1354 Clitiphonem
1286 1305 1407 1342 iocari
1442 1316 1532 1342 cum

190 1366 400 1417 Bacchide,
439 1378 536 1416 quae
575 1364 777 1403 dicebatur
816 1365 938 1402 amica
977 1375 1063 1401 esse
1097 1362 1263 1414 Cliniae,
1301 1362 1370 1401 filii
1401 1362 1531 1401 Mene-

120 1436 164 1465 ‘20
193 1427 314 1477 demi7
355 1427 531 1475 increpat
568 1424 688 1462 illum.
763 1421 788 1462 6
826 1421 1067 1472 εαῑηῃὶίανε]
1111 1421 1321 1460 sollicitare
1365 1421 1426 1460 vel
1465 1421 1534 1459 de-

154 1529 158 1533 .
193 1487 336 1536 cipere.
397 1488 566 1522 tractum
605 1487 663 1521 est
701 1495 720 1520 a
758 1483 888 1533 porcis
926 1481 999 1519 hoc
1037 1480 1217 1532 verbum,
1256 1482 1339 1532 qui,
1379 1480 1532 1531 quando

193 1545 249 1582 lac
278 1547 433 1594 sugunt,
464 1547 629 1580 matrem
656 1541 878 1591 subigitant.
917 1541 1007 1578 DG.
1062 1538 1087 1578 9
1115 1542 1290 1579 animum
1317 1542 1535 1579 advorlzmt

189 1601 392 1652 ιᾳναυῖίεν]
433 1603 539 1652 gravi
577 1602 706 1639 animo
745 1604 994 1650 cognoscunt..
1045 1600 1092 1637 D.
1165 1596 1217 1637 11
1252 1598 1349 1648 esto]
1395 1610 1534 1637 conce-

194 1662 323 1700 dentis
369 1662 418 1712 G,
468 1661 692 1699 concessive
738 1661 790 1710 E,
840 1659 1110 1697 concessivum
1157 1657 1383 1696 adverbium
1426 1658 1534 1696 DM.

122 1730 166 1761 25
195 1719 250 1760 15
284 1718 477 1769 dlynz'tas]
521 1719 601 1757 scil.
637 1718 792 1756 bonitas
830 1730 916 1769 sua,
958 1729 1073 1768 quam
1112 1716 1288 1767 possidet
1326 1716 1369 1754 in
1410 1721 1537 1754 semet

196 1782 294 1831 ipso,
325 1777 508 1830 prohibet
539 1790 614 1830 me7
646 1778 714 1828 qui
747 1789 832 1815 sum
864 1776 1119 1828 facinorosus,
1151 1787 1199 1813 ne
1226 1775 1352 1814 dicam
1385 1776 1422 1813 ei
1448 1787 1535 1813 mea

194 1838 305 1877 mala.
363 1835 417 1876 19
444 1839 613 1876 hominis
641 1835 780 1886 fruyi]
813 1834 921 1874 utilis
947 1834 1008 1872 vel
1033 1836 1150 1885 parci.
1207 1832 1263 1873 20
1291 1833 1404 1884 quin]
1439 1835 1536 1884 quin

196 1899 324 1936 etiam.
382 1894 436 1934 23
465 1894 651 1944 actumst]
685 1895 796 1933 deest
828 1895 861 1932 si
888 1894 941 1932 M.
998 1892 1190 1943 effecero]
1224 1893 1360 1931 callide
1388 1892 1536 1931 abstra-

195 1957 285 1995 ham
318 1968 337 1994 a
369 1960 490 2006 patre.
554 1953 608 1994 28
643 1956 686 1993 da·
716 1952 769 2003 te]
808 1953 871 1991 hic
904 1952 1011 1990 dedit
1043 1954 1079 1990 ei
1111 1952 1259 2003 alapam
1291 1953 1345 2004 Β,
1385 1951 1538 1990 intelle—

125 2025 171 2056 30
198 2017 302 2067 gitur
335 2016 439 2053 enim
470 2013 535 2051 hic
562 2012 823 2064 Clitiphonem
854 2012 1098 2062 percussisse
1126 2011 1276 2062 Syrum.
1333 2009 1536 2060 extrudis]

198 2074 372 2125 expellis.
430 2070 485 2111 30
512 2071 658 2122 porro]
692 2073 733 2110 in
763 2083 953 2122 processu
980 2072 1179 2121 temporis.
1237 2068 1291 2108 33
1317 2069 1435 2119 mihi]
1470 2071 1537 2120 qui

197 2133 320 2171 debeo
360 2133 444 2170 eius
481 2130 633 2169 baiolus
673 2142 759 2169 esse
799 2135 836 2168 et
873 2131 1054 2167 monitor.
1117 2127 1172 2168 34
1204 2131 1303 2177 quid
1333 2128 1391 2178 tu]
1426 2140 1538 2179 repe-

293 2262 312 2292 5
338 2257 500 2291 inaniter
524 2256 642 2302 loqui]
669 2267 762 2290 rann
788 2256 836 2299 E,
861 2256 921 2290 secl
941 2267 1077 2300 parum
1101 2259 1191 2290 certe
1215 2255 1260 2297 cf.
1281 2254 1342 2297 IV,
1363 2257 1395 2297 6,
1418 2256 1470 2287 19.
1491 2273 1537 2278 —

199 2305 335 2340 dieitur
360 2315 505 2348 quoque
532 2304 578 2338 E.
677 2306 720 2337 18
747 2302 878 2348 iocari]
905 2301 1090 2336 iocantem
1115 2302 1162 2336 E.
1258 2304 1301 2335 19
1327 2300 1538 2346 dicebatur]

194 2352 408 2397 fingebatur
433 2352 479 2386 E.
578 2354 622 2385 20
647 2349 866 2395 increpabat
890 2350 936 2384 E.

480 2500 500 2518 Q
