1681 2576
558 101 720 147 Adelphi
746 101 790 145 Π,
811 106 830 135 ‘2
855 122 896 125 —
917 100 980 144 111,
1002 102 1020 132 1
1389 97 1471 138 153

741 211 787 264 11,
814 210 850 250 3.

217 285 252 324 1.
291 285 489 336 Ctesipho]
524 296 667 323 secum.
719 284 790 322 abs
823 281 968 331 quivis]
1003 294 1022 320 a
1055 279 1239 332 quolibet.
1292 278 1316 317 2
1345 278 1471 328 iuvat]

126 345 301 384 delectat.
359 343 384 383 9
412 341 674 395 postputarit]
707 342 939 393 postposuit.

740 471 786 523 n,
810 468 849 509 4.

214 544 430 595 Egrediens
475 543 588 581 domo
633 542 851 580 Aeschinus
892 543 1124 591 interrogat,
1169 539 1327 577 ubinam
1369 544 1474 576 esset
1524 541 1544 572 5

128 604 290 654 Sannio,
331 602 464 641 volens
503 614 589 640 eum
630 606 798 653 terrere,
840 601 906 639 sed
947 601 1077 638 statim
1115 598 1275 636 obvians
1313 598 1475 635 fratrem

127 674 241 701 suum
274 661 551 712 Ctesiphonem
589 672 753 698 exorsus
793 664 852 698 est
890 671 978 698 cum
1010 670 1055 696 eo
1087 657 1205 707 loqui.
1257 654 1283 695 5
1316 655 1473 705 coram]

128 723 169 758 in
206 721 428 772 praesentia
466 719 631 758 lenonis.
682 720 872 770 repressit.
909 719 1012 756 enim
1046 729 1087 755 se
1120 718 1249 767 ipsum
1282 715 1329 753 de
1361 714 1474 752 laude

128 781 260 818 fratris
291 783 454 830 propter
485 778 678 829 lenonem,
712 780 778 828 qui
811 777 969 816 astabat.
1027 779 1066 814 2¹72
1093 774 1152 824 os]
1187 776 1226 812 in
1252 774 1475 825 praesentia

126 843 203 877 tua.
261 837 286 877 6
326 837 586 887 adsentandi]
627 849 743 875 causa
782 836 975 875 adulandi.
1034 834 1056 874 7
1098 846 1174 882 aye
1206 832 1354 882 inepte]
1390 837 1474 870 tace
1503 835 1546 866 10

130 897 257 935 stulte.
311 894 365 935 12
398 895 638 945 Aeschinus]
673 896 846 946 loquitur
878 895 923 933 ad
951 895 1102 945 Syrum.
1149 890 1205 930 14
1232 890 1401 940 Sannio]
1436 893 1476 929 in

128 967 263 994 aurem
295 955 478 1006 loquitur.
532 953 583 994 17
618 954 732 1004 heus]
767 954 994 993 adverbium
1025 953 1199 991 vocantis
1230 953 1271 989 G.
1321 948 1375 988 19
1403 953 1474 988 all-

130 1014 227 1064 qua]
250 1014 379 1065 aliquo
400 1014 527 1065 1110110,
554 1026 625 1064 per
645 1013 813 1064 aliquam
840 1014 1096 1051 occasionem.
1130 1009 1360 1060 permanet]
1387 1021 1475 1059 per-

130 1075 272 1124 veniat,
304 1073 350 1111 ah
385 1085 429 1111 eo
464 1072 565 1123 quod
599 1077 658 1110 est
689 1085 816 1124 mano,
848 1072 886 1110 id
920 1076 979 1109 est
1011 1082 1126 1109 curro
1159 1081 1200 1108 ac
1229 1069 1341 1120 duco,
1372 1068 1475 1106 unde

125 1144 332 1183 permanO,
374 1144 432 1184 as,
471 1136 519 1170 at.
589 1129 641 1170 21
683 1131 863 1181 lectulos]
904 1130 950 1168 ad
987 1129 1196 1181 prandium
1235 1139 1342 1165 more
1377 1128 1474 1165 anti·
1503 1138 1545 1168 15

126 1203 212 1241 que.
284 1189 338 1229 23
390 1190 570 1240 quando]
624 1190 818 1240 siquidem
862 1189 921 1228 vel
966 1190 1066 1239 quia.
1129 1189 1299 1226 hilarem
1343 1198 1474 1225 suma-

124 1249 226 1299 mus]
261 1251 302 1288 in
334 1249 479 1288 laetitia
512 1249 823 1287 transducamus.
855 1250 896 1287 G.

723 1379 786 1430 III,
814 1375 849 1416 1.

212 1449 385 1488 Sostrata
412 1451 486 1488 ista
507 1450 633 1488 suerat
651 1461 750 1487 uxor
771 1448 910 1487 Simuli
932 1453 970 1487 et
990 1453 1114 1486 mater
1134 1452 1218 1486 erat
1236 1446 1473 1497 Pamphilae,

125 1521 241 1559 qnam
262 1509 480 1547 Aeschinus
500 1510 808 1559 impraegnatam
828 1507 1005 1546 hahebat.
1039 1506 1231 1546 Canthara
1252 1511 1381 1544 autem
1403 1518 1472 1543 nu-
1501 1505 1545 1535 '20

124 1569 201 1605 trix
235 1572 318 1606 erat
349 1567 590 1619 Pamphilae,
623 1567 715 1605 licet
747 1566 920 1605 Sostrata
954 1578 1064 1605 suam
1097 1578 1181 1604 eam
1207 1569 1318 1603 vocet.
1350 1566 1473 1603 nutri-

125 1639 221 1664 cem.
281 1628 618 1677 appropinquante
664 1638 756 1675 ergo
800 1625 894 1663 hora
936 1626 1209 1676 parturitionis
1250 1623 1472 1674 Pamphilae

125 1684 390 1735 interrogabat
418 1685 590 1723 Sostrata
622 1686 817 1723 nutricem
851 1697 972 1736 suam,
1005 1684 1107 1735 quod
1141 1683 1255 1721 modo
1289 1682 1472 1721 110101110

123 1745 353 1782 imminente
379 1748 507 1796 partu,
534 1756 622 1781 cnm
649 1755 776 1794 neque
804 1743 994 1782 obstetrix
1021 1743 1175 1781 adesset
1201 1754 1328 1792 neque
1357 1753 1473 1792 quem

122 1804 296 1841 mitteret
334 1802 381 1840 ad
413 1802 650 1841 Aeschinum
689 1802 969 1841 accersendum
1007 1801 1169 1840 haberet
1200 1802 1285 1839 GE.
1331 1800 1469 1851 Incipit
1500 1799 1544 1830 25

123 1861 237 1899 modo
277 1861 350 1899 alia
382 1874 463 1913 res,
502 1862 548 1899 (10
582 1861 644 1899 illa
676 1861 858 1899 videlicet
888 1861 1106 1912 Pamphila,
1146 1872 1244 1911 qnae
1278 1865 1361 1898 erat
1395 1858 1471 1897 lilia

125 1920 341 1971 Sostratae,
384 1932 499 1970 quam
538 1920 755 1959 Aeschinus
799 1920 951 1958 amabat
993 1925 1031 1958 et
1072 1932 1188 1970 quam
1230 1920 1472 1969 impraegna-

125 1985 201 2016 tam
252 1979 327 2016 iam
370 1978 547 2017 hahebat.
615 1979 789 2018 Sostrata
834 1979 969 2017 videns
1015 1978 1134 2016 tiliam
1179 1990 1287 2016 snam
1333 1989 1471 2028 appro-

123 2039 314 2088 pinquare
376 2039 506 2088 partui
567 2037 778 2089 alloquitur
839 2039 1031 2076 nutricem
1094 2036 1316 2087 Pamphilae
1380 2048 1471 2074 snae·

125 2097 236 2146 quasi
270 2107 378 2134 suam
406 2096 647 2135 Cantharam.
711 2095 736 2136 9
769 2099 907 2136 vilium
945 2096 1136 2145 oblatum]
1172 2101 1350 2146 stuprum
1384 2107 1471 2145 per-
1499 2095 1544 2125 30

124 2159 263 2193 actum.
323 2152 377 2193 10
417 2154 505 2204 tali]
539 2155 671 2194 11011111.
723 2169 774 2195 ex
807 2161 920 2194 (ama
949 2154 1126 2205 familia]
1161 2167 1207 2192 cx
1240 2160 1317 2192 tam
1352 2154 1472 2192 nobili

123 2225 322 2264 progenie.

218 2343 260 2373 21
290 2350 371 2372 eam
397 2339 518 2384 vocet]
546 2341 673 2373 evocet
702 2338 789 2374 GE.
931 2344 973 2373 :35
1001 2339 1242 2384 Aeschinum]
1271 2349 1353 2372 eum
1381 2339 1469 2375 GE.
