1681 2576
204 121 261 163 60
457 120 483 154 1.
524 119 673 155 Scholia
698 130 717 154 e
743 119 869 155 Servio
896 120 933 154 et
957 118 1148 154 Prisciano
1172 120 1300 164 petita.

294 230 390 269 Eun.
407 228 522 282 111,5,
537 228 591 269 53
613 229 733 280 limis]
761 230 896 268 limum
914 231 1018 268 enirn
1034 229 1235 281 obliquum
1249 230 1427 282 dicimus,
1447 231 1550 269 unde

206 289 310 327 limis
338 289 461 327 oculis
488 288 527 326 id
554 293 614 326 est
641 288 822 340 obliquis,
855 289 1069 327 secundum
1097 288 1276 327 Servium
1304 290 1344 327 in
1371 288 1439 327 XII
1458 289 1550 328 Aen.

207 345 341 398 [120]
387 349 434 385 D.

294 428 349 432 —
388 405 446 457 IV,
484 404 521 457 2,
559 404 580 444 7
630 405 938 455 deverticulum]
984 405 1211 443 diverticula
1257 410 1347 444 sunt
1391 407 1551 444 semitae

159 473 179 505 5
205 468 515 503 transvertentes
542 463 602 502 vel
633 468 892 515 transversae,
925 476 1021 514 quae
1050 469 1140 502 sunt
1171 477 1191 501 a
1224 464 1344 502 latere
1371 466 1454 503 viae
1480 466 1551 502 mi-

206 523 343 574 litaris,
376 522 592 561 secundum
625 522 805 561 Servium
838 524 878 560 in
909 522 960 560 IX
985 522 1076 561 Aen.
1112 521 1245 572 [3771.
1291 524 1337 561 D.

295 603 350 608 -—
376 580 435 633 IV,
461 578 500 633 4,
529 579 579 619 11
615 579 842 630 quisquam]
881 592 952 631 pro
994 593 1228 633 quaequam,
1271 583 1360 632 quia
1401 582 1553 632 antiqui

208 641 295 691 quis
323 641 521 678 communi
547 651 689 690 genere
716 638 968 690 proferebant
994 639 1194 678 Prisciano
1216 640 1378 678 docente
1398 640 1432 678 ΙΙ
1452 639 1551 678 libro

206 700 451 750 pronominis
487 697 549 749 [II,
577 697 632 748 8].
682 699 725 736 G.

139 767 181 798 10
295 779 350 784 —-
377 756 436 808 Ν,
459 756 495 809 7,
522 755 547 795 9
581 755 871 805 absterqerem]
899 756 1117 807 abstergeo,
1144 757 1246 807 quod
1274 762 1333 795 est
1359 756 1552 795 secundae

206 815 408 854 Prisciano
447 820 547 853 teste
586 817 626 853 in
658 814 758 852 libro
791 814 825 852 II
856 814 975 853 verbi.
1021 815 1118 853 dixit
1155 815 1257 853 haud
1299 815 1412 853 aliter
1449 820 1552 853 stare

207 886 364 912 versum
396 875 473 911 nisi
505 873 744 924 paenultima
774 873 975 924 producta.
1015 879 1074 911 est
1106 875 1210 912 enini
1236 886 1372 912 versus
1400 879 1553 924 quater-

206 934 341 970 narius
374 931 527 970 iambus
562 931 606 985 [I,
631 929 748 982 486}
798 933 841 970 G.

297 1013 351 1017 -
378 990 420 1043 V,
447 988 485 1042 5,
514 989 535 1029 7
570 1003 685 1039 quem
712 989 985 1040 praestolare]
1026 990 1170 1029 dicitur
1202 992 1306 1028 enim
1337 990 1554 1041 praestolor

139 1059 180 1090 15
207 1055 245 1088 te
279 1054 317 1088 et
348 1048 566 1100 praestolor
592 1049 676 1101 tihi,
709 1054 751 1087 ut
784 1049 921 1088 Cicero
947 1051 987 1087 in
1012 1049 1028 1087 I
1054 1050 1351 1087 invectivarum:
1391 1050 1457 1099 qui
1482 1048 1555 1086 tibi

209 1109 256 1147 ad
276 1108 404 1146 forum
424 1107 677 1146 Aurelianum
702 1107 1048 1159 praestolarentur,
1075 1108 1289 1146 secundum
1310 1107 1555 1145 Priscianum

209 1167 255 1205 de
289 1168 580 1205 constructione
615 1166 676 1218 [ΙΙ,
704 1164 818 1216 274]
863 1168 911 1205 D.

297 1247 352 1252 -—
379 1225 421 1277 V,
447 1223 486 1277 5,
514 1224 566 1264 17
601 1238 654 1264 an
693 1228 733 1264 in
773 1230 861 1264 astu
900 1224 1022 1275 venit]
1065 1225 1280 1263 secundum
1311 1224 1555 1263 Priscianum

209 1289 297 1323 astu
326 1295 471 1322 nomen
503 1288 563 1322 est
593 1283 867 1322 indeclinabile
900 1285 1002 1322 sicut
1034 1296 1167 1322 cornu.
1213 1283 1315 1334 quod
1348 1284 1425 1321 nisi
1451 1289 1556 1321 esset

138 1352 183 1383 20
208 1355 370 1394 nomen,
401 1343 639 1393 praepositio
673 1347 848 1393 separata
882 1343 918 1380 ei
948 1354 1027 1380 non
1059 1346 1376 1393 praeponeretur.
1427 1341 1483 1391 [et
1514 1343 1554 1379 iu

209 1406 295 1440 astu
317 1403 428 1452 quasi
448 1403 488 1439 in
506 1402 648 1439 astutia
669 1401 884 1439 secundum
899 1400 1143 1439 Priscianum
1164 1401 1209 1439 de
1233 1400 1557 1450 constructione}

210 1460 273 1512 [11⁷
299 1458 476 1570 ῗ]17,ἔ,
497 1517 521 1557 3
554 1520 654 1556 mihi
682 1517 808 1567 solae]
842 1518 915 1556 1100
949 1519 1100 1568 antiqui
1133 1517 1315 1556 dicebant
1340 1517 1436 1555 haec
1463 1517 1556 1568 sola,

209 1578 326 1616 huius
360 1577 480 1629 solae,
512 1577 603 1615 huic
637 1576 751 1615 solae.
797 1577 844 1614 D.
878 1599 932 1603 —
966 1576 1069 1615 solae
1103 1578 1306 1627 antiquum
1338 1581 1414 1627 est,
1453 1576 1553 1626 quod

140 1645 184 1675 25
209 1636 434 1674 Priscianus
467 1636 588 1674 refert
621 1634 683 1687 [II,
710 1635 766 1685 7].
811 1636 855 1673 E.

300 1717 354 1721 -—
381 1694 422 1746 V,
455 1693 493 1746 6,
527 1692 580 1732 12
622 1693 873 1743 paenitebat]
918 1706 1056 1744 parum
1099 1693 1303 1732 videbatur
1342 1693 1556 1731 secundum

212 1754 391 1791 Servium
424 1752 551 1802 [Verg.
579 1752 703 1790 bucol.
737 1751 775 1804 2,
802 1750 889 1801 33].
933 1753 979 1790 D.

524 1897 562 1933 3.
606 1896 676 1932 Ad
707 1895 1240 1932 Hautontimorumenon.

302 1987 414 2025 Haut.
441 1986 468 2039 Ι,
497 1984 533 2037 1,
556 1984 608 2024 12
636 1999 763 2034 neque
789 1988 902 2035 preti
924 1988 1090 2025 maioris
1115 1997 1228 2024 nemo
1253 1985 1390 2035 habet]
1418 1997 1556 2036 graeco

142 2055 187 2086 30
213 2058 322 2084 more
344 2045 453 2097 dixit,
480 2045 653 2095 alioquin
679 2045 776 2083 duae
802 2046 1002 2094 negativae
1024 2044 1197 2082 facerent
1216 2056 1333 2082 unam
1354 2044 1557 2083 confirma-

213 2106 331 2143 tivam
364 2104 580 2143 secundum
613 2103 792 2142 Servium
822 2104 863 2141 in
894 2103 928 2141 II
953 2103 1045 2141 Aen.
1074 2100 1207 2153 [247]
1252 2104 1300 2141 D.

303 2185 357 2189 ——-
385 2163 413 2214 Ι,
441 2161 477 2215 1,
506 2160 559 2201 16
590 2161 817 2212 conspicer]
845 2163 1064 2213 conspicor,
1091 2162 1331 2212 conspicaris
1358 2162 1557 2212 deponens

216 2234 259 2258 ex
295 2223 419 2259 activo
450 2220 569 2259 verbo
602 2222 761 2273 aspicio,
793 2220 896 2271 quod
929 2222 1046 2259 etiam
1073 2233 1119 2258 ex
1146 2219 1315 2271 simplici
1342 2221 1464 2270 spicio
1491 2220 1557 2257 de-

310 2348 353 2378 23
379 2345 463 2379 huie
489 2345 620 2380 scholio
646 2346 687 2379 in
711 2346 750 2380 D
774 2346 840 2380 hae
867 2346 1006 2380 litterae
1032 2349 1320 2390 antepommtur:
1338 2343 1557 2379 APRAIT.
