1681 2576
129 748 172 778 10

125 1042 166 1073 15

122 1389 166 1420 20

122 1683 165 1714 25

122 1979 166 2010 30

201 79 284 121 158
615 81 910 117 Commentarius
937 81 1134 126 antiquior.

813 192 871 245 w,
898 191 936 231 4.

286 267 505 306 Aeschinus
533 270 779 318 comperiens
806 271 955 308 tristari
983 270 1198 307 Sostratam
1231 275 1270 308 et
1301 269 1420 309 filiam
1450 271 1549 322 eius,

200 327 312 376 quasi
343 327 427 377 ipse
461 331 672 364 conaretur
701 340 785 365 eam
812 327 979 379 abicere,
1013 329 1052 365 in
1084 327 1179 366 haec
1207 328 1323 367 verba
1355 331 1546 380 prorupit.

202 383 223 422 1
260 387 490 423 discrucior
523 385 669 435 animi]
707 385 816 424 valde
850 388 1005 425 crucior
1037 388 1078 424 in
1110 388 1249 425 animo.
1315 385 1368 426 13
1402 390 1551 427 dedisti

202 442 341 493 verba]
383 445 571 482 mentitus
609 444 720 483 fuisti
757 446 864 496 DM,
909 446 1000 484 dare
1042 445 1159 484 verba
1200 451 1260 484 est
1301 445 1466 484 illudere
1509 453 1548 485 et

199 503 359 540 mentiri
396 503 433 541 C.
497 502 704 551 frustrata
743 502 817 553 est]
860 504 1024 555 decepit.
1091 503 1144 543 15
1180 504 1446 555 reprehendi]
1486 518 1547 543 re-

198 562 328 611 pressi
360 561 450 612 BC,
489 564 706 612 compressi
736 564 778 600 G.
843 561 896 602 16
926 563 1143 613 qarrulae]
1178 563 1300 616 lenae,
1332 565 1548 615 insipienti.

201 617 254 659 18
289 619 454 669 efferri]
493 620 619 671 palam
658 621 744 659 fieri
777 622 884 673 DM,
926 621 1127 672 publicare
1163 624 1244 661 CG.
1309 634 1386 671 aye
1416 622 1544 672 mitto]

200 691 240 717 se
268 680 398 730 ipsum
423 679 613 717 hortatur.
671 692 721 719 ne
746 679 844 730 qua]
878 681 919 718 in
945 680 1090 719 nullam
1121 686 1284 732 partem.
1343 679 1396 719 21
1426 681 1544 731 adeo]

198 737 375 776 multum.
443 736 497 776 23
537 738 752 789 cessatum]
794 738 1028 790 neglectum.
1090 753 1198 779 nunc
1233 739 1379 790 porro]
1422 745 1548 779 semet

198 798 328 847 ipsum
359 797 548 835 hortatur.
613 795 669 835 24
699 798 893 848 primum]
928 799 1128 849 optimum.
1192 797 1247 838 25
1279 798 1451 849 occipio]
1486 800 1544 837 in-

197 856 310 906 cipio.
375 854 429 895 26
462 855 577 906 heus]
612 862 721 895 vocat
755 856 936 908 aliquem.
997 860 1152 907 aperite
1184 857 1347 907 aliquis]
1381 859 1545 909 figurata

196 914 359 967 locutio,
402 914 565 965 pluralis
610 927 798 954 numerus
843 917 999 955 iunctus
1039 928 1127 954 cum
1169 916 1368 967 singulari.
1432 923 1543 956 aciu-

196 973 300 1023 tum]
353 973 535 1012 celeriter
572 975 616 1026 C,
667 976 744 1013 cito
780 976 830 1027 G,
881 976 1029 1027 statim,
1073 974 1272 1027 celeriter,
1317 975 1545 1014 adverbium

195 1034 385 1083 temporis
418 1034 464 1071 D.

809 1127 868 1180 IV,
895 1126 931 1167 5.

281 1203 397 1242 Micio
420 1203 634 1242 Sostratam
660 1205 737 1242 iam
764 1208 910 1242 certam
937 1203 1173 1256 reddiderat,
1200 1204 1304 1255 quod
1323 1204 1542 1243 Aeschinus

192 1262 434 1314 Pamphilam
467 1262 646 1314 duceret,
685 1262 878 1314 simulque
914 1262 1142 1302 hortabatur
1174 1262 1279 1301 illam
1314 1275 1452 1314 parare
1486 1275 1542 1315 ea,

195 1334 291 1372 quae
329 1321 375 1360 ad
413 1322 570 1372 nuptias
609 1322 820 1372 pertinent.
885 1320 909 1360 2
943 1321 1054 1372 aeta]
1095 1321 1261 1360 diffinita
1298 1324 1401 1360 inter
1432 1326 1470 1360 te
1503 1327 1544 1360 et

192 1393 254 1419 me
288 1381 387 1418 DM.
449 1377 478 1418 4
504 1380 718 1430 pepulisti]
751 1380 943 1431 impulisti
975 1382 1022 1419 D.
1080 1379 1106 1420 5
1139 1386 1248 1420 tacet
1278 1380 1369 1430 eta]
1407 1393 1542 1419 secum

193 1439 425 1490 loquebatur
450 1438 565 1477 Micio
599 1439 801 1492 quaedam,
834 1452 931 1491 quae
964 1439 1029 1477 illo
1057 1439 1237 1478 audiente
1265 1439 1422 1478 nolebat
1449 1451 1541 1490 pro-

194 1500 307 1537 ferre.
352 1498 374 1538 7
396 1500 499 1537 nihil
521 1498 640 1548 milii]
668 1498 742 1537 hoc
769 1499 868 1537 dixit
893 1498 967 1537 alta
993 1511 1097 1537 voce.
1141 1497 1166 1537 9
1188 1498 1365 1548 erubuit]
1394 1511 1539 1545 secum.

191 1557 323 1607 sodes]
346 1559 462 1596 socie.
505 1562 547 1596 ut
573 1557 731 1608 quidam
758 1557 904 1610 volunt,
937 1558 1051 1596 sodes
1078 1559 1272 1596 comicum
1291 1557 1455 1596 verbum
1481 1562 1542 1596 est

192 1616 339 1655 habens
361 1629 521 1655 sensum
541 1616 790 1655 blandientis.
827 1615 879 1656 16
895 1618 995 1655 orba
1012 1616 1149 1666 patre]
1170 1616 1327 1668 pupilla.
1362 1614 1416 1655 23
1435 1628 1541 1655 eom-

193 1675 343 1725 menta]
377 1688 448 1726 pro
482 1680 754 1728 commentata,
787 1677 1030 1726 excogitavit.
1095 1674 1149 1715 26
1177 1675 1336 1725 postea]
1369 1675 1541 1727 demum,

192 1735 416 1772 novissime.
495 1733 551 1773 30
596 1734 886 1784 inliberaliter]
937 1734 1167 1786 inhumane,
1216 1746 1294 1772 non
1341 1733 1537 1772 nobiliter.

193 1791 247 1831 33
274 1792 435 1842 misere]
462 1798 608 1831 tenere.
664 1791 722 1831 44
750 1796 850 1842 quid
873 1793 1029 1843 nostra]
1063 1795 1239 1845 interest,
1272 1793 1365 1844 quid
1392 1792 1440 1830 ad
1465 1804 1537 1830 1105

192 1853 373 1902 pertinet.
435 1849 492 1890 45
525 1852 740 1902 Aeschine]
779 1851 971 1890 adulando
1005 1853 1046 1890 G.
1109 1849 1167 1891 50
1199 1850 1431 1901 indiliqens]
1470 1863 1538 1889 116-

192 1910 363 1963 glegens,
389 1911 493 1949 unde
519 1910 687 1961 diligens
714 1911 914 1949 studiosus
941 1912 981 1948 in
1008 1911 1169 1949 alterius
1197 1912 1336 1949 causis
1382 1908 1437 1949 52
1458 1922 1538 1949 non

194 1972 255 2008 ius
283 1969 426 2018 fuerat
457 1969 642 2019 tanqere]
676 1969 822 2020 absque
853 1982 1047 2008 consensu
1073 1974 1290 2020 parentum.
1349 1967 1405 2008 56
1438 1968 1536 2018 qua]

192 2041 268 2079 quo
300 2028 425 2066 modo.
477 2027 531 2067 57
549 2028 725 2078 dubitas]
753 2029 1015 2067 manifestare.
1072 2027 1124 2067 61
1153 2027 1378 2078 socordem]
1406 2027 1538 2078 negle-

192 2092 365 2140 gentem,
403 2089 613 2126 incautum.
678 2085 735 2127 64
765 2087 926 2137 misere]
961 2088 1181 2126 affectuose.
1247 2085 1301 2127 74
1333 2086 1424 2137 qui]
1459 2098 1535 2137 quo

191 2146 317 2184 modo.
382 2145 436 2185 76
468 2159 543 2185 sua
577 2146 871 2197 commoditate]
906 2159 975 2185 suo
1008 2146 1213 2185 beneficio.

286 2274 329 2304 29
358 2270 526 2316 alterius]
557 2270 684 2305 alteris
712 2272 811 2306 DM.
934 2275 976 2305 31
1005 2272 1054 2306 ad
1079 2282 1193 2307 vocem
1219 2270 1369 2306 dubitas
1394 2271 1539 2307 videtur

190 2318 414 2361 referendum
440 2319 545 2354 schol.
572 2319 694 2353 Bemb.
723 2318 916 2362 „absolute
942 2318 1093 2353 habet“.

1665 2509 1681 2538 2-2.
1664 2471 1675 2499 »Ν
1663 2421 1681 2465 *ἤδη*
