1681 2576
178 100 197 139 1
206 99 261 140 56
592 99 885 135 Commentarius
913 102 1110 146 antiquior.

176 208 231 249 66
271 222 323 249 ex
359 210 574 259 sententia]
618 223 665 248 ex
706 216 804 249 vom.
865 211 919 251 67
962 212 1153 262 cauliost]
1197 213 1412 252 cavendum
1454 220 1525 253 est.

179 266 234 307 74
266 271 305 307 2'72
335 268 516 318 patinas]
551 281 571 306 a
602 281 664 307 me
696 275 849 320 paratas
883 271 1076 310 scutellas.
1136 270 1189 311 78
1223 275 1419 321 numquid
1448 273 1523 323 vis]

176 326 342 377 amplius
380 327 477 364 mihi
515 327 657 366 dicere.
722 327 775 368 81
810 330 988 380 quando]
1031 331 1131 381 quia.
1183 342 1303 379 quam
1342 332 1389 370 ob
1421 332 1524 382 rem]

174 390 337 436 propter
370 397 497 436 quem.
528 384 605 431 ,85
638 387 814 437 tribulis]
849 400 895 426 ex
928 394 1060 427 nostra
1093 389 1211 427 trihu.
1262 389 1431 428 tribulus
1465 403 1524 428 se-

128 452 148 482 5
176 444 325 482 eundae
352 444 625 483 declinationis
653 445 699 483 de
727 447 838 496 spina
864 449 1076 498 corripitur
1101 448 1154 486 hu
1181 447 1336 500 syllaba,
1369 448 1527 488 tribulis

176 502 222 540 de
257 504 406 553 origine
439 503 671 554 producitur
702 504 755 543 bu
788 505 933 556 syllaba
967 511 1004 544 et
1037 511 1095 545 est
1128 508 1265 545 tertiae
1299 507 1527 546 declinatio-

174 562 236 599 nis
270 562 370 600 ΒΜ.
426 562 542 612 satis]
582 562 693 601 hene.
754 563 848 613 vale]
889 565 1110 604 exultantis.
1168 564 1222 605 86
1264 568 1342 604 iam
1377 568 1469 605 inde
1501 579 1526 605 a

169 620 318 670 puero]
353 622 592 671 epexegesis.

788 716 850 768 ΠΙ,
876 714 915 755 4.

106 798 149 829 10
265 790 360 829 Geta
386 793 566 830 veniente
601 804 690 830 cum
714 792 902 845 Hegione‚
935 805 1052 844 quem
1079 794 1306 846 adducebat,
1339 797 1527 834 sermoci-

174 849 340 888 nabatur
384 850 431 888 de
475 851 549 889 hoc
587 851 688 889 facto
730 851 866 890 dicens
908 852 1137 891 derelictam
1179 853 1376 891 dominam
1415 866 1525 892 suam

175 908 221 946 ab
263 908 468 947 Aeschino.
540 907 564 947 3
611 910 839 960 inliberale]
885 911 1137 950 inhonestum
1176 917 1214 950 et
1257 912 1526 952 inhumanum.

175 979 196 1006 o
229 967 443 1017 Aeschine]
487 968 699 1019 alloquitur
736 970 975 1008 Aeschinum
1016 969 1219 1009 absentem
1261 973 1373 1022 quasi
1412 984 1525 1022 prae-

175 1031 337 1064 sentem.
387 1024 417 1065 4
448 1029 562 1066 haud
587 1034 802 1077 paternum
838 1031 940 1068 istuc
973 1029 1137 1079 dedisti]
1177 1041 1255 1067 non
1293 1031 1526 1082 patrissasti‚

106 1093 146 1123 15
173 1096 252 1123 non
289 1097 398 1123 more
435 1088 559 1136 patris
598 1088 722 1137 egisti.
786 1087 987 1137 videlicet]
1028 1093 1145 1126 certe.
1203 1087 1257 1128 28
1291 1089 1523 1139 iynotumst]

174 1143 369 1182 indultum
414 1150 474 1183 est
514 1145 571 1183 illi
612 1158 632 1183 a
673 1151 796 1184 matre
838 1147 1013 1197 virginis.
1077 1144 1132 1185 30
1175 1149 1241 1186 ille
1279 1149 1405 1186 bonus
1442 1147 1523 1198 vir]

172 1204 356 1241 ironicos.
413 1201 467 1242 31
508 1204 685 1254 quicum]
726 1218 815 1244 cum
854 1218 928 1256 qua
966 1207 1005 1244 C.
1068 1204 1122 1244 33
1157 1208 1243 1255 ipsa
1275 1205 1406 1256 virgso]
1442 1207 1524 1245 scil.

172 1263 214 1299 in
244 1262 386 1314 medio,
418 1262 457 1300 id
490 1268 550 1301 est
581 1264 622 1301 in
652 1263 809 1314 publico
842 1269 911 1302 est.
962 1277 1028 1303 res
1056 1264 1159 1314 ipsa]
1189 1266 1279 1315 quia
1304 1277 1525 1316 praegnans

173 1325 242 1359 est.
304 1319 358 1359 39
397 1322 540 1371 pudet]
585 1334 730 1361 secum.
794 1320 852 1362 40
896 1322 1020 1372 intus]
1067 1323 1257 1362 clamabat
1300 1326 1525 1374 parturiens

101 1388 144 1419 20
170 1378 381 1431 Pamphila.
433 1381 621 1431 differor]
656 1383 828 1434 crucior,
866 1382 1072 1420 distrahor.
1129 1380 1188 1420 44
1219 1385 1422 1422 voluntate
1455 1386 1524 1422 im—

167 1438 317 1488 petret]
357 1444 400 1477 ut
437 1439 634 1478 voluntate
674 1441 768 1479 fiant
805 1454 825 1479 a
857 1440 984 1493 vohis,
1023 1453 1122 1492 quae
1160 1441 1222 1479 lex
1260 1443 1389 1492 poscit
1420 1442 1520 1480 ΒΜ.

171 1495 228 1537 45
262 1499 371 1537 vobis
404 1498 534 1548 decet]
575 1500 726 1550 antiqui
764 1500 959 1538 dixerunt.
1017 1498 1070 1539 61
1110 1499 1226 1550 Geta]
1269 1502 1444 1551 respexit
1476 1501 1522 1539 ad

172 1556 308 1595 Getam
336 1558 380 1595 E.
433 1555 487 1596 63
522 1558 773 1608 defunclzcm]
808 1560 971 1597 finitum.

786 1693 849 1746 ΠΙ,
874 1692 912 1733 5.

101 1777 144 1808 25
260 1769 466 1819 Ingressus
498 1769 620 1820 Hegio
654 1770 700 1807 ad
734 1762 948 1808 Sostratam
980 1771 1043 1808 ait.
1103 1768 1125 1808 1
1160 1769 1286 1820 quod]
1321 1776 1523 1821 quantum.

170 1826 199 1865 4
230 1831 266 1866 si
297 1834 355 1867 est
387 1827 477 1877 eta]
513 1830 545 1865 si
577 1827 821 1867 nobilitatem
854 1841 964 1867 suam
997 1828 1278 1879 adimpleverit.

786 1957 845 2010 lv,
874 1956 909 1996 1.

260 2033 353 2071 Erat
394 2033 578 2084 Ctesipho
620 2035 725 2071 intus
768 2035 807 2072 in
849 2033 962 2072 domo
1000 2033 1181 2072 Micionis
1221 2046 1310 2073 cum
1348 2034 1522 2088 psaltria,

173 2093 326 2143 quando
354 2092 495 2131 Demea
522 2094 628 2131 venit
660 2093 706 2130 ad
740 2094 894 2131 ostium.
948 2091 1000 2132 17
1035 2092 1180 2142 calleo]
1209 2095 1288 2131 scio
1317 2099 1355 2131 et
1381 2093 1520 2132 callide

100 2160 144 2190 30
171 2151 367 2201 provideo.
421 2150 473 2189 21
509 2153 582 2190 tibi
612 2151 761 2202 autem]
795 2152 967 2202 provide.

169 2342 184 2373 t
268 2293 462 2375 111ῧ166113
483 2315 527 2319 —
547 2293 732 2328 Aeschino
759 2304 824 2329 om.
855 2294 977 2330 CGE.
1125 2297 1168 2328 23
1195 2293 1356 2340 finitum]
1384 2293 1520 2328 diffini-

187 2352 248 2373 um
295 2346 331 2375 )Α
362 2369 370 2376 .
