1681 2576
498 71 517 110 ἓ
544 71 577 103 3.
614 66 848 103 Monacensis
873 66 1064 102 lemmata.
1395 68 1448 110 17

102 179 324 218 victoriano
363 179 513 229 graecis
550 177 692 216 litteris
731 177 937 216 distinctae
977 182 1104 230 erant,
1145 179 1258 217 cuius
1295 179 1355 217 rei
1385 190 1449 216 ve—

103 239 263 288 stigium
295 242 418 276 restat
455 238 496 275 in
527 236 656 274 indice
695 235 742 274 ad
774 235 841 274 Ad.
874 235 919 288 ΙΙ,
947 235 985 287 2,
1017 236 1085 275 ubi
1121 235 1218 275 haec
1249 235 1449 287 leguntur:

102 295 290 336 EsYRvs
323 294 503 334 SAN'NIO
537 294 721 333 SERVVS
753 293 903 345 LENO3
935 294 1064 333 littera
1097 296 1202 334 enim
1234 294 1265 333 E
1298 297 1338 334 in
1364 295 1449 334 Vic-

65 371 67 373 ·
102 357 254 395 toriano
294 367 366 406 per
408 359 533 392 totum
574 358 704 393 actum
745 353 961 393 secundum
1001 353 1118 392 huius
1159 352 1311 393 fabulae
1353 354 1449 406 Syro

103 427 216 453 servo
249 414 468 464 apponitur.

191 472 324 523 Itaque
357 473 474 510 etiam
501 471 747 510 Monacensis
778 470 960 511 lemmata
991 469 1039 510 ad
1071 476 1221 510 textum
1246 471 1449 510 Terentia-

103 543 198 570 num
225 530 542 570 constituendum
569 529 787 569 adhibenda
817 542 904 569 esse
930 529 1072 583 iudico,
1102 532 1336 582 praesertim
1362 541 1451 569 cum

103 591 280 642 proxime
319 589 366 628 ad
397 589 597 629 Demutati
633 588 781 629 codicis
811 591 1102 642 auctoritatem,
1139 590 1252 629 cuius
1282 590 1452 629 maxima

102 661 195 701 pars
226 650 357 702 periit,
387 648 556 688 accedat.

434 847 461 898 ξ
494 846 532 888 3.
575 850 858 888 Monacensis
887 851 1113 889 lemmata.

191 943 346 982 Primus
373 942 412 981 C.
438 941 613 981 Halmius
639 941 914 981 Monacensem
945 942 1091 981 librum
1120 953 1201 981 non
1224 940 1339 981 nihili
1363 953 1452 980 esse

104 1003 326 1053 suspicatus
358 1007 415 1040 est
448 1003 489 1039 in
522 1001 687 1053 epistula
719 1000 766 1040 ad
793 1001 1042 1052 Schopenum
1074 1013 1106 1040 a.
1133 1000 1169 1040 d.
1187 999 1229 1040 V.
1254 1000 1336 1039 Kal.
1361 1000 1452 1040 Dec.

106 1059 218 1101 1853
241 1061 340 1112 data,
360 1062 400 1098 in
427 1073 501 1111 qua
528 1060 708 1099 lemmata
734 1060 851 1099 huius
877 1060 980 1113 libri,
1007 1062 1097 1111 quia
1122 1061 1312 1099 memoria
1338 1059 1454 1110 digna

102 1132 190 1158 esse
222 1121 450 1171 putavisset,
483 1131 529 1157 ex
560 1132 639 1157 uno
673 1124 762 1157 actu
787 1119 955 1158 Andriae
989 1131 1029 1157 se
1057 1121 1303 1170 excerpsisse
1336 1124 1375 1158 et
1406 1117 1454 1156 ad

103 1177 403 1217 Fleckeisenum
428 1179 585 1216 misisse
613 1178 763 1217 scribit.
814 1178 1093 1216 Fleckeisenus
1120 1183 1249 1217 autem
1274 1176 1343 1216 illa
1360 1177 1454 1216 lem-

104 1242 219 1289 mata,
255 1249 325 1276 seu
351 1238 441 1288 quia
468 1238 626 1289 sprevit,
653 1248 723 1275 seu
750 1238 851 1289 quia,
879 1238 1013 1288 quanti
1039 1242 1183 1289 essent,
1210 1248 1256 1275 ex
1283 1236 1348 1274 illo
1374 1241 1454 1274 tam

104 1309 224 1348 parvo
246 1297 460 1347 specimine
478 1308 617 1347 parum
636 1297 862 1347 perspicere
883 1301 1047 1349 poterat,
1072 1306 1287 1347 ntunquam
1306 1294 1455 1346 publici

104 1357 204 1394 iuris
230 1355 332 1394 fecit.
384 1355 511 1400 Quare
536 1354 611 1393 hoc
637 1355 722 1393 loco
749 1367 794 1393 ea
820 1355 991 1407 afferam,
1018 1366 1116 1405 quae
1143 1360 1209 1393 aut
1239 1353 1286 1392 ad
1307 1354 1453 1392 Teren-

105 1416 254 1453 tianum
286 1419 436 1452 textum
469 1413 786 1452 constituendum
825 1418 890 1453 aut
927 1413 975 1453 ad
1005 1413 1279 1452 Monacensem
1311 1412 1454 1451 librum

105 1478 211 1512 recte
245 1473 528 1511 aestimandum
561 1472 707 1523 aliquid
739 1472 901 1512 valeant.

194 1531 339 1570 Andria
364 1531 392 1582 Ι,
421 1530 457 1583 1,
484 1530 509 1571 6
543 1531 611 1569 sed
644 1531 716 1570 his.
769 1530 822 1571 19
856 1531 1044 1582 predicto.
1099 1528 1154 1570 23
1187 1541 1230 1569 re
1261 1535 1300 1568 te
1325 1528 1454 1568 velim.

107 1589 161 1630 27
206 1590 477 1641 prohibebant.
541 1588 595 1630 36
634 1591 694 1629 iis.
757 1589 811 1630 61
859 1590 1074 1647 sinilioQii.
1139 1585 1195 1629 74
1233 1600 1321 1627 cum
1365 1576 1636 1648 dotefffeyalus„

109 1660 272 1687 summa.
332 1647 385 1688 76
420 1648 513 1700 quid
550 1650 670 1699 igitur
708 1649 847 1687 obstat.
899 1647 952 1688 79
986 1650 1108 1687 metui
1139 1661 1161 1687 a
1194 1647 1350 1686 criside.
1400 1643 1456 1687 85

109 1708 202 1759 quid
233 1707 297 1746 bic
329 1708 426 1746 mihi
458 1708 574 1746 faciet
605 1709 717 1759 patri.
773 1706 827 1748 89
861 1707 957 1746 nihil
990 1708 1195 1758 suspicans
1227 1706 1319 1745 mali
1339 1737 1346 1744 .
1366 1705 1457 1744 hem

108 1766 202 1818 quid
234 1767 273 1804 id
306 1771 376 1805 est.
422 1765 476 1807 98
511 1772 598 1806 atat.
651 1764 733 1806 102
760 1768 801 1805 in
827 1768 959 1818 ignem
984 1767 1166 1817 imposita
1193 1770 1253 1804 cst
1278 1787 1333 1792 —
1359 1764 1453 1803 haec

109 1837 232 1864 soror.
300 1823 384 1865 105
426 1831 463 1864 et
505 1825 682 1864 celatum.
749 1824 833 1865 110
871 1826 963 1876 quid
1009 1827 1102 1876 agis.
1167 1821 1252 1864 114
1291 1824 1456 1863 honesta

109 1886 233 1923 oratio
259 1889 330 1924 est.
376 1882 461 1924 134
486 1884 666 1923 manibus
691 1884 947 1936 pedibusque.
995 1882 1076 1923 141
1105 1882 1327 1922 adsimules.
1374 1879 1456 1922 142

108 1943 412 1994 perterresatias
465 1941 548 1983 143
583 1945 677 1983 satis
709 1950 778 1982 est.

199 2024 254 2028 ——
287 2002 315 2054 1,
340 2000 809 2054 2,1Oiute1·oscitantes.
863 2001 916 2042 12
944 2002 1140 2041 carnurex.
1189 1998 1241 2039 13
1276 1998 1369 2051 quid
1401 2000 1458 2037 ais

110 2056 213 2114 (agis
233 2059 264 2098 D
284 2066 322 2100 et
341 2057 403 2115 G).
440 2059 493 2101 31
517 2063 840 2101 circummitione.
874 2059 928 2101 33
950 2061 1092 2100 irrides
1107 2082 1161 2087 —
1178 2059 1246 2098 scd
1267 2058 1353 2097 dico
1375 2057 1456 2096 tibi.

200 2141 254 2146 ——
287 2119 316 2171 1,
342 2117 381 2172 3,
408 2119 430 2159 7
471 2121 648 2160 infensus
689 2126 834 2173 servat,
882 2133 929 2159 ne
972 2131 1087 2171 quam
1130 2119 1268 2157 faciam
1309 2118 1458 2169 nuptiis

110 2172 252 2231 (schol.
286 2178 397 2218 deest
428 2175 544 2234 ‘in').
596 2177 650 2219 13
683 2180 796 2219 haud.
850 2178 901 2219 17
937 2190 1074 2217 navem
1107 2179 1140 2216 is
1173 2177 1298 2228 fregit.

200 2258 256 2264 —
288 2237 315 2289 Ι,
341 2235 381 2289 4,
409 2235 431 2276 1
467 2238 650 2278 archillis.

200 2317 256 2323 —
288 2295 316 2348 Ι,
342 2293 381 2348 5,
408 2295 432 2335 2
465 2309 536 2348 pro
575 2297 691 2336 deum
729 2303 845 2350 atque
884 2297 1086 2336 hominum
1125 2295 1242 2334 tidem
1274 2293 1368 2346 quid
1401 2298 1462 2331 est

183 2368 307 2395 Scholia
326 2369 516 2404 Terentiana,
536 2370 581 2396 ed.
603 2370 746 2397 Schlee.
1153 2365 1172 2395 2
