1681 2576
147 126 200 169 78
514 126 592 162 VII.
620 125 769 163 Scholia
792 127 923 162 incerti
950 127 1119 162 auctoris.

145 237 342 290 publicam
374 236 549 276 laudaret
582 243 621 275 et
653 237 906 290 diligentiam,
939 239 1008 276 ait:
1040 249 1167 288 neque
1201 236 1256 275 illi
1290 242 1418 276 tamen
1445 238 1490 279 ad

147 296 361 335 cavendum
393 295 505 334 dolus
538 300 604 334 aut
635 298 799 335 astutiae
832 297 1004 334 deerant.
1045 297 1090 334 D.

234 354 346 393 Haut.
379 354 438 406 IV,
465 352 503 406 3,
530 352 585 393 23
618 354 731 404 quin]
765 355 824 393 vel
863 355 966 405 quid.
1013 360 1129 393 certe.
1176 354 1288 392 aliter
1326 355 1411 406 qui,
1448 360 1491 393 ut

148 415 198 452 sit
228 424 464 464 pronomen,
502 418 545 450 ut
582 414 623 451 in
660 413 848 452 Eunucho
883 411 1023 463 [212]:
1069 414 1135 463 qui
1174 414 1368 451 effectum-
1392 412 1490 451 daho

8 488 55 527 qo
100 479 120 510 5
149 471 364 510 secundum
394 466 495 524 b(!).
541 472 587 510 D.

236 552 290 556 —
312 529 353 581 V,
373 527 412 581 5,
433 528 458 567 2
487 541 630 579 pacem
662 529 888 579 conciliem]
920 535 964 568 ut
989 529 1125 568 Cicero
1153 531 1192 567 in
1220 529 1319 567 libro
1347 531 1490 580 episto-

147 589 272 626 larum
299 587 345 625 ad
372 587 563 638 Lepidum
593 587 698 638 [sam.
719 588 764 641 Χ,
786 586 877 637 27]:
906 589 1025 640 pacis,
1051 589 1115 640 ait,
1142 589 1243 626 inter
1270 589 1373 626 cives
1401 601 1491 627 con-

148 646 337 685 ciliandae
370 646 556 697 cupidum
587 652 625 685 te
658 659 745 685 esse
778 646 909 684 laetor.
955 647 1001 685 D.

235 704 389 743 Phorm.
410 705 455 757 ΙΙ,
476 703 514 758 2,
537 704 588 744 11
618 708 657 744 z'n
683 704 867 754 nervum]
890 704 1018 743 aliter:
1044 706 1085 743 in
1110 717 1274 743 nervum
1299 705 1338 743 id
1365 711 1425 743 est
1450 707 1490 743 in

80 771 121 803 10
147 763 314 815 vincula,
339 769 383 802 ut
400 763 540 802 Livius
566 765 607 802 in
638 763 689 801 III
721 763 767 802 ab
795 762 891 802 urhe
919 763 1089 801 condita:
1134 759 1490 818 homineSJnobiles

147 823 188 860 in
220 834 360 861 nervos
393 823 519 860 conici
550 822 669 861 iubet.
713 823 759 861 D.

238 902 293 907 —
319 880 364 932 Π,
391 878 429 933 3,
458 879 510 919 72
544 886 678 920 actum
716 893 765 920 ne
803 879 921 930 aqas]
963 886 1005 918 ut
1043 879 1191 918 Tullius
1233 880 1280 918 de
1312 876 1492 933 {amicitia

151 938 267 991 [ΧΧΙ,
300 936 392 989 85];
429 944 514 978 acta
546 951 660 990 agere
691 944 867 977 vetamur
898 944 1027 977 vetere
1059 938 1279 989 proverbio,

246 1067 263 1097 1
287 1064 323 1097 et
338 1063 546 1109 diligenter.
621 1067 641 1097 3
662 1063 752 1108 quid
771 1068 804 1099 et
823 1062 888 1107 qui
904 1063 1001 1099 aliae
1017 1064 1194 1107 lectiones,
1213 1063 1310 1096 certe
1324 1062 1491 1097 scholion.

151 1111 231 1156 quis
257 1115 383 1146 auctor
408 1111 529 1147 littera
554 1112 574 1147 b
602 1111 785 1146 indicatus
809 1112 868 1154 sit,
892 1111 1079 1146 incertum.
1178 1113 1198 1144 6
1224 1108 1431 1154 epistolam.
