1681 2576
588 123 750 169 Adelphi
776 122 800 168 Ι,
822 126 841 156 2
859 142 901 147 —
916 122 959 165 Π,
983 126 1013 156 1.
1389 118 1470 158 151

131 241 175 279 ad
209 241 369 278 fratrem
403 249 517 276 suum
542 235 752 274 Micionem
785 232 992 284 querelans
1025 230 1071 268 de
1102 230 1185 267 hoc.
1235 225 1264 267 4
1290 230 1389 277 quid
1415 230 1478 267 ille

94 331 96 333 »
124 298 290 348 fecerit]
318 296 522 336 irascendo
552 296 595 333 G.
648 293 670 333 7
702 290 956 340 dessignavit]
992 288 1174 339 ostendit,
1207 287 1247 326 id
1276 292 1335 325 est
1362 299 1479 337 quani

131 358 270 396 famam
303 356 378 395 sibi
410 356 502 394 fecit
532 352 698 404 publice.
744 351 961 401 dissignare
995 354 1055 387 est
1081 348 1246 398 aperire.
1301 344 1355 384 10
1381 348 1478 384 mul-

131 415 254 465 cavit]
295 415 334 453 id
373 419 433 453 est
471 411 686 463 flagellavit.
748 407 803 448 33
845 406 1060 458 optandas]
1101 407 1250 456 fatiges.
1309 403 1361 444 37
1403 407 1479 443 olet

129 473 354 523 unquenta]
388 484 473 511 mos
505 475 588 509 erat
614 469 716 520 apud
743 470 937 519 antiquos,
969 471 1013 505 ut
1038 466 1231 504 luxuriosi
1257 469 1478 515 unguerem

131 545 183 571 se.
226 530 282 571 41
316 537 374 571 est
404 533 466 570 dz's
493 528 651 579 qratia]
685 529 828 579 gratias
861 538 931 577 ago
965 526 1036 564 dis,
1086 521 1141 563 47
1171 522 1361 572 consulis]
1390 534 1479 573 pro-

131 591 239 630 vides
272 590 338 629 illi.
390 587 448 629 54
468 587 712 639 profundat]
746 585 907 637 prodige
935 584 1138 635 expendat..
1190 581 1243 621 61
1267 594 1340 621 nec
1361 580 1478 629 nihil]

130 650 279 701 litotes,
318 649 356 687 id
395 652 453 687 est
492 646 638 698 aliquid
672 645 816 697 valent,
851 656 948 695 quae
982 643 1099 695 dixit,
1139 641 1207 680 sed
1239 652 1317 679 non
1351 641 1480 678 onmia

130 709 227 746 haec
256 712 357 759 sunt,
383 707 422 745 id
449 711 508 745 est
534 717 613 744 non
639 706 767 742 omnia
788 703 926 741 valent.
982 700 1036 741 63
1058 700 1188 750 homo]
1211 700 1332 738 frater
1357 710 1479 737 meus.

131 765 188 806 64
215 778 303 806 cum
325 765 462 815 placo]
496 777 586 803 cum
613 763 696 801 volo
725 762 835 801 illum
860 762 1053 811 mitigare.
1099 761 1295 798 advorsor
1321 756 1477 806 sedulo]
1510 764 1552 794 10

133 827 189 864 sic
222 826 257 863 ei
283 825 447 863 videtur.
499 822 554 863 66
588 821 769 871 adiutor]
803 826 1045 872 provocator,
1078 820 1269 857 incentor.
1327 814 1380 856 72
1415 817 1480 855 de-

128 882 316 933 fervisse]
356 883 585 933 refriguisse
618 882 715 928 CM,
756 881 1012 930 refrigerasse
1044 879 1081 916 B
1114 880 1220 916 inter
1251 879 1336 927 lm,
1369 875 1483 914 refri-

133 944 267 993 guisse
299 941 360 980 vel
392 942 594 980 refrixisse
622 941 658 978 D
691 942 729 978 2⁶72
763 951 891 987 marq.

1530 470 1549 500 <Ji

756 1068 800 1119 11,
829 1066 863 1106 1.

226 1141 368 1179 Sannio
414 1142 487 1178 iste
528 1145 611 1178 erat
649 1139 754 1191 leno,
793 1140 860 1189 qui
898 1138 990 1176 dum
1022 1138 1244 1188 privaretur
1276 1135 1484 1172 meretrice
1515 1141 1555 1171 15

136 1213 205 1239 sua
238 1200 284 1238 ab
316 1199 522 1250 Aeschine,
555 1198 755 1250 clamabat,
794 1202 836 1235 ut
869 1197 1017 1235 ferrent
1050 1197 1086 1233 ei
1118 1193 1327 1246 populares
1360 1205 1483 1243 opem.

136 1258 164 1299 5
195 1270 436 1308 quamquam
475 1257 566 1307 etan]
607 1258 720 1295 datur
758 1255 951 1306 intellegi,
994 1255 1096 1306 quod
1135 1253 1326 1292 Parmeno
1364 1251 1485 1289 voluit

137 1330 228 1356 enm
253 1322 471 1368 percutere.
505 1316 573 1354 sed
599 1315 801 1367 prohibuit
822 1327 911 1353 eum
931 1314 1149 1352 Aeschinus
1170 1313 1322 1350 dicens:
1351 1322 1485 1361 quam-

139 1389 254 1427 quam
281 1381 340 1415 est
365 1381 449 1427 etc.,
475 1375 515 1413 id
542 1380 602 1414 est
626 1375 719 1413 licet
746 1375 889 1413 Sannio
917 1372 1059 1411 stultus
1081 1374 1143 1423 sit,
1169 1383 1248 1409 non
1269 1371 1483 1409 committet

139 1435 272 1486 hodie,
311 1436 454 1473 iterum
484 1439 528 1472 ut
560 1434 730 1485 vapulet,
769 1433 807 1471 id
841 1438 900 1471 est
932 1444 1010 1470 non
1042 1429 1275 1482 repugnabit
1307 1428 1484 1479 amplius.
1514 1435 1557 1466 20

142 1492 194 1532 11
218 1499 350 1533 vestra
365 1492 483 1543 haec]
499 1492 628 1544 verba,
650 1504 748 1543 quae
764 1492 895 1530 dicitis
916 1496 1061 1541 postea.
1096 1490 1378 1529 iusiurandum
1394 1487 1485 1536 eta]

140 1553 214 1591 hoc
247 1552 354 1591 dices
385 1553 416 1591 C
425 1554 466 1590 G.
519 1557 556 1591 te
589 1564 672 1591 esse
704 1550 929 1599 indiqnum]
969 1554 1013 1588 ut
1043 1548 1141 1587 mihi
1172 1548 1271 1586 hanc
1303 1548 1488 1584 iniuriam

141 1613 290 1650 faceres
316 1611 416 1649 ΒΜ.
474 1608 527 1649 12
567 1610 773 1660 acceptus]
812 1614 1010 1648 tractatus.
1065 1606 1118 1647 15
1146 1605 1334 1657 propter]
1368 1607 1487 1643 iuxta.

143 1669 194 1709 17
231 1672 269 1709 in
302 1669 426 1719 mala]
459 1671 499 1707 in
532 1669 685 1707 maxilla
719 1670 814 1707 eius.
867 1666 920 1706 19
949 1680 970 1706 ο
997 1670 1184 1706 miserum
1214 1664 1397 1714 facinus]
1426 1663 1486 1701 hic

141 1728 249 1767 (ledit
282 1730 317 1767 ei
349 1728 509 1779 alapam.
557 1727 793 1777 [seminabit]
827 1726 900 1765 tibi
931 1726 1122 1764 Parmeno
1155 1723 1371 1774 colaphum.
1416 1736 1488 1761 κο-
1514 1730 1559 1760 25

140 1783 322 1827 λάπτειν
353 1787 488 1825 dicunt
515 1786 653 1825 Graeci
681 1786 823 1825 cudere
851 1785 909 1823 vel
935 1790 1154 1836 percutere.
1182 1783 1272 1821 inde
1301 1781 1488 1832 colaphus

142 1846 287 1884 (licitur
318 1847 491 1885 incussio
530 1845 630 1883 colli.
682 1843 736 1883 22
776 1857 828 1883 ex
865 1847 944 1883 tuis
977 1841 1209 1892 virtutibus]
1249 1842 1419 1879 ironicos
1452 1841 1489 1878 C.

144 1903 199 1943 29
233 1904 437 1954 inpurum]
476 1904 744 1955 inhonestum,
784 1905 851 1954 qui
889 1902 1057 1941 liberum
1088 1901 1288 1939 hominem
1320 1900 1492 1938 minatur

144 1964 334 2013 adstringi
366 1963 470 2001 loris.
521 1963 649 2001 lorum
681 1962 828 2001 dicitur
859 1974 983 2012 genus
1015 1960 1210 2011 verberis,
1243 1959 1281 1997 id
1315 1963 1374 1996 est
1407 1969 1491 1996 cor-

145 2023 253 2072 rigia.
305 2021 396 2060 hinc
429 2027 468 2060 et
498 2021 617 2060 lorica
650 2021 812 2072 (licitur,
851 2022 941 2070 quia
974 2020 1125 2069 antiqui
1156 2030 1203 2056 ex
1236 2017 1330 2055 loris
1364 2017 1491 2054 muni·
1518 2024 1563 2054 30

145 2085 321 2119 mentum
359 2082 530 2131 pectoris
568 2080 725 2118 faciunt.
788 2077 844 2118 30
883 2079 1156 2118 debacchatus
1194 2076 1253 2126 es]
1300 2076 1491 2114 insanisti.

146 2137 202 2178 33
225 2139 318 2189 vah]
342 2139 553 2177 irridendo.
599 2136 655 2177 34
678 2141 882 2188 perm'cz'es
914 2139 1132 2176 communis
1158 2133 1492 2183 adulescentium]

147 2200 237 2249 quia
271 2197 587 2236 adulescentibus
620 2197 784 2235 concilio
818 2202 951 2247 stupra
991 2196 1103 2244 [ΗΜ
1131 2196 1231 2233 add:
1269 2199 1307 2231 et
1340 2192 1495 2231 illorum

243 2314 286 2346 15
313 2310 452 2346 Sannia
475 2310 610 2353 DGE,
638 2309 796 2344 Sannias
820 2309 856 2345 C.
934 2312 976 2343 18
1005 2308 1069 2342 sed
1095 2319 1160 2342 om.
1183 2307 1228 2342 E.
1306 2310 1348 2340 19
1376 2308 1431 2340 est
1452 2325 1496 2330 —

146 2359 186 2394 id
212 2360 269 2393 est
293 2370 359 2394 om.
382 2358 426 2393 E.
525 2361 570 2392 20
596 2356 730 2391 iterum
755 2368 820 2392 om.
850 2356 895 2391 E.
994 2359 1037 2389 29
1065 2353 1266 2399 corrigiata
1287 2354 1334 2389 D.
