1681 2576
222 88 421 123 Eunuchus
428 88 471 133 V,
482 91 501 122 7
516 110 556 113 —
566 88 650 132 V,s.
676 86 1114 122 Heautontimorumenos
1128 86 1215 132 Arg.
1230 86 1325 121 Prol.
1361 86 1445 127 113

107 199 279 238 Chaerea
309 200 484 250 perrexit
516 199 561 237 ad
588 197 816 236 Phaedriam
842 201 881 235 et
911 198 1082 235 narravit
1114 198 1150 235 ei
1176 198 1316 248 omnia,
1349 209 1447 247 quae

106 270 126 296 a
160 258 279 296 fratre
312 259 396 297 eius
429 258 614 296 audierat.
659 261 696 295 at
726 255 790 294 ille
816 255 940 294 laetus
966 255 1130 306 loquens
1156 255 1370 307 respondit.
1399 257 1446 294 D.

108 315 164 355 29
191 316 392 367 invocato]
419 328 498 355 non
517 320 662 354 vocato.
702 312 757 354 30
779 317 827 354 do
844 314 982 364 fidem]
1009 316 1205 366 promitto.
1245 312 1299 353 33
1321 314 1446 365 vobis]

106 375 145 413 id
174 380 233 414 est
258 388 278 414 a
303 375 412 414 vobis
432 376 525 415 ΒΜ.
571 387 689 423 quam
716 373 866 423 fretus]
895 379 1082 424 quantum
1103 376 1157 413 sis
1179 386 1200 412 a
1219 373 1332 412 nohis
1353 375 1447 412 DM.

105 432 164 472 34
189 434 414 485 offendero]
443 434 658 485 obviavero,
684 435 881 471 invenero.
930 430 985 471 41
1008 432 1186 482 inscitia]
1208 434 1447 483 insipientia.
1498 442 1519 471 5

104 490 165 531 44
190 492 376 543 libenter]
404 492 696 532 delectabiliter.
746 489 802 532 46
833 491 1109 542 suppeditare]
1138 492 1450 530 subministrare.

106 549 164 590 49
178 551 367 602 insulsus]
383 553 584 603 insipiens,
605 550 752 601 stertit]
765 551 958 589 dormitat.
980 548 1034 589 52
1048 550 1213 601 accipit]
1228 552 1353 602 pascit
1372 552 1448 589 CG.

102 610 322 660 prolixius]
343 610 543 649 liberalius
557 610 617 649 vel
637 610 855 661 iocundius,
874 614 918 648 ut
936 609 1040 648 idem
1054 611 1094 648 in
1108 609 1292 660 Adelphis
1309 607 1450 659 [943]:

41 672 44 677 '
106 668 269 720 prolixe,
299 669 426 721 Micio,
457 670 496 708 id
529 674 588 708 est
619 669 796 707 iocunde.
853 666 910 707 54
937 668 1119 718 ῃνθῃεφη]
1154 670 1379 707 societatem
1412 674 1451 706 et

106 739 326 767 numerum.
377 726 431 768 57
455 728 645 779 propino]
673 727 853 779 praebeo,
884 732 928 766 ut
953 728 1165 766 comedatis
1193 727 1448 766 substantiam
1479 736 1521 767 10

107 788 203 825 eius.
250 784 306 826 60
337 787 519 838 virtutes]
548 789 730 826 ironicos.
788 785 842 827 63
876 786 1132 837 εῖεῃαηίὶαφη]
1172 786 1232 824 vel
1265 786 1449 838 eloquen-

106 847 201 884 tiam
239 859 281 885 ac
319 859 390 897 per
426 847 499 885 hoc
539 846 762 898 superbiam
797 845 892 895 [GE
920 848 1020 884 add:
1052 845 1252 895 ironicos}

506 1132 1055 1168 Heautontimorumenos,

608 1223 953 1273 Argumentum.

197 1304 221 1345 3
243 1309 445 1354 animique
458 1318 543 1345 sese
557 1304 747 1355 anqehat]
764 1317 901 1356 graeca
920 1305 1065 1344 locutio
1086 1307 1125 1357 C,
1146 1308 1452 1347 contristabatur
1482 1326 1524 1357 15

107 1366 147 1402 in
174 1366 303 1403 animo
324 1366 465 1404 DEM.
499 1363 524 1403 9
546 1364 715 1414 technis]
743 1364 945 1402 fraudibus
971 1366 1010 1413 C,
1031 1365 1165 1403 fraude
1187 1371 1225 1404 et
1245 1366 1450 1406 dolositate

108 1425 197 1462 DE.
232 1421 287 1463 10
307 1423 452 1473 minas]
474 1423 592 1462 siclus
613 1423 729 1462 habet
749 1423 883 1461 obolos
904 1425 1053 1475 viginti,
1073 1426 1178 1463 mina
1198 1424 1313 1464 habet
1334 1426 1450 1465 siclos

108 1484 320 1534 sexaginta,
352 1484 419 1533 qui
451 1483 598 1521 faciunt
629 1482 762 1520 obolos
795 1482 898 1519 mille
931 1482 1130 1521 ducentos.
1171 1485 1225 1522 M.

659 1599 897 1649 Prologus.

200 1667 222 1708 1
252 1670 409 1720 partes]
451 1670 531 1709 scil.
570 1670 770 1709 recitandi.
826 1669 928 1720 seni]
963 1670 1000 1708 id
1034 1675 1093 1709 est
1125 1671 1220 1709 mihi
1253 1672 1451 1725 Calliopio.
1480 1687 1525 1722 ‘20

108 1727 135 1767 2
163 1729 489 1779 adolescentium]
518 1730 585 1780 qui
609 1730 863 1780 patientiores
890 1733 1024 1767 essent
1049 1729 1229 1769 clamoris
1251 1736 1288 1769 et
1307 1732 1451 1772 laboris

110 1787 262 1826 serendi
293 1800 408 1839 quam
441 1790 524 1840 ego,
556 1790 623 1839 qui
657 1800 776 1827 senex
803 1800 900 1826 sum.
946 1786 971 1826 3
998 1788 1122 1839 quod]
1149 1795 1311 1841 propter
1338 1793 1452 1843 quod.

107 1844 138 1885 4
170 1859 222 1885 ex
254 1849 413 1896 inteqra
442 1847 616 1898 qraeca]
651 1859 698 1886 ex
730 1849 814 1898 ipsa
840 1846 1043 1885 Menandri
1070 1847 1197 1887 fabula
1230 1851 1372 1890 intacta
1405 1851 1452 1891 ab

108 1905 240 1956 aliquo
272 1904 420 1944 Latin0.
471 1905 688 1957 inteqram]
729 1918 845 1957 quam
876 1918 991 1944 nemo
1023 1906 1184 1946 Latinus
1217 1912 1453 1961 conscripsit

109 1964 298 2002 hactenus
319 1964 417 2003 stilo.
451 1963 477 2003 5
492 1966 676 2005 Heauton
691 1964 997 2015 timorumenon]
1019 1977 1060 2003 se
1076 1967 1205 2016 ipsum
1222 1971 1451 2008 excrucians
1478 1986 1525 2018 25

109 2022 170 2061 vel
190 2024 230 2060 in
252 2035 293 2061 se
314 2025 643 2062 excruciationem
664 2036 863 2062 exercens
902 2026 1130 2074 epexegesis
1151 2025 1188 2063 id
1211 2032 1270 2065 est
1290 2039 1452 2079 exagge-

110 2083 209 2120 ratio
236 2094 387 2136 sensus,
414 2095 501 2120 cum
522 2083 620 2121 dixit
639 2083 1118 2122 Ileautontimorumenon.
1142 2085 1195 2123 M.
1238 2086 1262 2125 (3
1285 2088 1451 2138 duplex]

111 2153 249 2191 graeca
269 2141 470 2179 Menandri
497 2146 535 2180 et
560 2141 676 2180 latina
702 2154 800 2181 mea.
823 2142 876 2191 [C
888 2143 987 2180 add:
1014 2143 1053 2179 iu
1081 2143 1169 2181 stilo
1190 2149 1229 2182 et
1249 2157 1269 2183 6
1290 2149 1450 2185 materia

110 2199 304 2250 duplicata
341 2200 430 2251 ostj.
487 2213 538 2239 ex
579 2207 815 2249 amanteum
852 2200 1040 2250 simplici]
1080 2215 1126 2239 ex
1165 2215 1241 2241 uua
1280 2208 1452 2245 nmteria.

209 2328 252 2360 10
276 2325 462 2370 praebebo
485 2326 564 2362 OG.
664 2330 706 2361 18
733 2325 811 2372 qui]
833 2335 928 2370 quae
943 2324 997 2360 M.
1096 2330 1139 2361 26
1161 2328 1375 2375 effexegesis
1397 2331 1461 2368 M.

184 2390 307 2417 Scholia
327 2391 518 2425 Terentiana,
533 2393 578 2419 od.
599 2392 617 2419 S
627 2401 641 2419 c
651 2393 668 2417 11
678 2393 687 2417 1
697 2400 710 2418 e
721 2401 744 2418 e.
1149 2389 1169 2420 8
