1681 2576
185 134 241 175 94
598 133 894 169 Commentarius
922 134 1117 178 antiquior.

184 246 297 284 (licet.
357 244 526 294 scillcet]
567 246 779 283 consentio.
842 242 896 284 47
931 247 1016 293 dos,
1052 247 1274 297 Pamphile,
1306 246 1379 295 est]
1413 246 1526 285 aliter

183 304 385 355 Pamphili.
443 305 658 354 antiquitus
694 306 798 342 enim
834 304 903 341 dos
937 303 1099 342 dabatur
1131 306 1232 354 patri
1263 304 1424 355 puellae.
1469 306 1522 343 M.

184 362 238 402 53
274 363 453 412 faustum
493 362 613 412 diem]
661 364 701 401 in
744 375 819 413 quo
861 364 989 400 omnia
1031 376 1073 401 ac
1114 362 1289 401 volebam
1330 364 1523 402 eveniunt.

184 422 308 461 fausta
333 434 398 460 res
425 421 569 459 dicitur
588 421 701 473 hona,
728 426 862 460 contra
888 422 1055 460 infausta
1082 422 1190 460 mala.
1225 423 1322 461 DM.
1374 423 1524 460 faustus

137 490 156 520 5
184 481 327 520 dicitur
359 480 463 532 felix,
495 480 585 518 inde
618 481 806 519 faustitas.
856 481 939 518 GE.

802 610 842 662 V,
869 607 908 650 5.

271 679 299 719 4
327 680 540 730 propriae]
574 685 787 731 perpetuae
821 685 859 718 et
891 685 1089 733 aeternae,
1123 682 1223 733 quia,
1257 693 1524 732 quaecumque

183 740 333 792 volunt,
371 739 524 788 habent.
589 739 805 778 secundum
839 739 1054 790 Epicureos
1092 739 1282 792 loquitur,
1322 741 1389 791 qui
1420 752 1524 778 sum-

183 811 289 838 mum
331 799 477 837 bonum
515 799 650 837 dicunt
688 811 773 836 esse
811 798 1060 849 voluptatem.
1124 798 1148 838 8
1181 798 1322 848 solide]
1361 800 1525 851 integre,

116 867 157 898 10
185 870 349 896 smcere.

802 938 844 991 V,
871 938 907 978 6.

270 1010 397 1049 Davus
440 1009 590 1049 solutus
636 1022 656 1048 a
698 1009 903 1048 Chremete
948 1011 1087 1060 incipit
1130 1011 1187 1048 irc
1232 1010 1279 1048 ad
1323 1010 1524 1049 dominum

182 1069 437 1122 Pamphilum,
470 1074 509 1108 et
540 1069 632 1108 dum
666 1081 799 1107 secum
831 1068 1021 1121 loquitur,
1052 1068 1277 1120 Pamphilus
1308 1069 1402 1107 vidit
1435 1081 1524 1108 eum

182 1130 404 1167 venientem
442 1133 480 1167 et
517 1130 580 1167 ait.
644 1126 669 1166 3
702 1127 878 1177 quidem]
916 1132 1033 1166 certe.
1097 1125 1152 1166 10
1189 1127 1380 1178 Charine]
1414 1140 1523 1166 reco-

114 1197 155 1228 15
183 1189 314 1238 gnovit
353 1200 451 1226 eum.
522 1185 575 1226 13
609 1186 727 1237 adeo]
766 1186 886 1225 valde.
957 1185 1008 1226 17
1044 1186 1094 1236 co]
1134 1187 1223 1225 finis
1261 1186 1411 1225 fabulae
1453 1192 1523 1226 est.

175 1246 377 1297 plaudite]
410 1246 527 1285 verba
560 1246 748 1297 Calliopii.
781 1246 891 1284 finita
923 1245 1050 1284 fabula
1081 1247 1122 1284 in
1154 1246 1305 1284 theatro
1337 1247 1524 1284 recitator

182 1305 332 1345 fabulae
366 1305 510 1344 aiebat:
548 1305 722 1356 plaudite
755 1310 794 1343 et
824 1304 965 1356 valete,
1001 1306 1082 1343 sire
1114 1304 1236 1344 valete
1271 1309 1308 1343 et
1339 1305 1522 1356 plaudite.

181 1364 390 1415 recensui]
424 1364 463 1402 id
496 1369 556 1403 est
587 1365 748 1403 recitavi
778 1364 878 1402 hanc
909 1363 1089 1402 fabulam.
1114 1386 1168 1390 —
1196 1363 1324 1402 Publii
1350 1364 1524 1402 Terentii

180 1424 262 1462 Afri
293 1423 438 1462 Andria
470 1424 566 1462 finit.

110 1505 153 1535 20
212 1539 214 1541 ‚
317 1494 451 1533 Dulcia
484 1507 582 1545 quae
615 1494 747 1533 docuit
778 1494 891 1532 fictor
923 1505 1027 1532 nunc
1059 1494 1212 1544 respice
1243 1493 1372 1546 verba,

315 1553 482 1593 Mulceat
512 1558 556 1592 ut
587 1553 711 1592 dulcis
744 1558 916 1591 mentem
948 1554 1185 1604 conscriptio
1219 1554 1286 1590 eri.
1332 1553 1386 1591 M.

718 1804 984 1840 Eunuchus.

699 1894 1003 1933 Didascalia.

271 1965 379 2011 Quod
406 1965 618 2004 Menander
649 1967 819 2016 primum
850 1969 1122 2016 composuerat
1147 1964 1316 2002 fabulam
1340 1963 1521 2002 Eunuchi

110 2034 154 2065 25
182 2027 221 2063 in
242 2037 380 2076 graeco
403 2037 595 2076 sermone,
616 2024 756 2062 deinde
783 2037 873 2062 vero
894 2024 1102 2062 Terentius
1122 2025 1163 2061 in
1182 2023 1300 2061 latino
1329 2035 1520 2074 sermone,

181 2086 258 2122 iam
291 2084 437 2122 dictum
470 2089 529 2122 est
561 2088 599 2122 et
631 2083 733 2134 quod
766 2085 851 2122 eius
883 2085 1068 2121 recitator
1101 2083 1173 2121 fuit
1205 2081 1426 2133 Calliopius.
1482 2086 1521 2120 at

179 2155 271 2181 vero
310 2142 529 2181 modulator
567 2144 652 2181 eius
691 2142 914 2181 comoediae
950 2142 1022 2180 fuit
1053 2141 1232 2194 Flaccus,
1270 2142 1440 2192 optimus
1471 2141 1518 2178 ti-

179 2202 305 2241 bicen.
338 2224 393 2228 —
429 2203 574 2241 Claudi
604 2203 712 2241 tibiis
744 2203 900 2240 duabus
932 2200 1104 2250 dextris]
1140 2201 1250 2251 quasi
1282 2205 1519 2251 tympanum,

276 2331 317 2360 17
345 2327 471 2361 aiebat
496 2341 522 2360 ω
548 2326 716 2371 plaudite
748 2326 800 2361 M
883 2329 926 2361 18
951 2325 1078 2360 Bublii
1110 2326 1163 2361 M.
1237 2328 1282 2359 20
1307 2324 1438 2359 finctor
1463 2324 1518 2359 M.

180 2378 224 2409 25
244 2374 438 2408 Terentius
464 2386 528 2411 om.
550 2375 599 2410 D.
651 2377 694 2409 27
716 2373 892 2420 optimus]
920 2374 1091 2418 optamus
1111 2373 1161 2409 D.
1211 2376 1255 2407 28
1275 2370 1445 2416 tympani
1470 2371 1517 2406 E.
