1681 2576
542 135 835 173 Commentarius
860 135 1052 171 recentior.
1387 134 1471 176 165

130 260 265 286 manae
304 249 422 300 vitae,
467 248 569 286 unde
606 247 751 285 habent
790 259 922 298 senes,
964 246 1067 296 quod
1107 246 1255 296 fugiant
1293 252 1330 284 et
1369 246 1471 296 quod

128 312 301 359 teneant,
347 313 385 345 et
429 307 610 345 similiter
654 307 769 344 etiam
814 306 994 356 iuvenes,
1039 310 1077 343 et
1118 307 1239 343 ceteri
1283 306 1323 342 in
1368 305 1471 342 hunc

127 366 298 405 modum.
343 388 397 392 —
443 365 611 404 Intentio
657 370 786 403 autem
831 366 915 403 eius
960 369 1019 402 est
1063 363 1287 402 describere
1334 376 1471 402 senum

127 425 392 477 prudentiam,
433 430 698 463 matronarum
737 423 983 475 pudicitiam,
1024 424 1209 461 iuvenum
1247 424 1472 461 inconstan-

92 478 95 481 ’
126 485 231 535 tiam,
258 496 461 522 servorum
480 484 708 534 nequitiam,
729 484 984 520 meretricum
1005 483 1198 533 astutiam,
1224 488 1262 520 et.
1286 482 1358 525 hoc
1381 482 1469 520 facit

126 541 313 593 populum
339 542 555 581 Romanum
583 541 822 579 delectando
868 542 1043 579 imitatur
1069 547 1204 579 noster
1231 542 1271 579 in
1298 542 1471 591 quinque

125 602 263 651 primis
303 601 515 639 comoediis
549 600 824 651 Menandrum,
863 612 1045 650 graecum
1080 605 1252 651 poetam,
1290 601 1331 637 in
1365 605 1472 638 sexta

125 659 412 710 Apollodorum.
439 683 494 686 —
517 659 673 698 Utilitas
701 664 757 697 est
786 659 1005 710 delectatio,
1038 658 1188 696 nullum
1216 660 1321 696 enim
1348 671 1472 709 genus

126 720 311 756 carminis
350 719 445 756 adeo
478 718 718 757 delectabile.
784 718 850 755 scd
891 730 978 756 cnm
1018 719 1178 756 comicis
1212 716 1472 768 scriptoribus

126 789 279 816 morum
319 777 528 816 utilitatem
570 777 697 815 velitis
740 778 956 828 assignare,
1003 778 1147 815 iterum
1189 778 1383 815 recurrite
1425 777 1471 814 ad

126 836 283 874 modum
329 838 510 887 superius
559 838 797 886 assignatum
843 836 889 873 de
934 837 1097 873 materia
1142 836 1290 886 agenda
1335 841 1374 873 et
1417 835 1473 873 ibi

125 896 235 945 quasi
278 896 317 932 in
357 895 515 946 speculo
555 901 593 933 et
632 896 754 933 forma
795 896 891 932 vitae
931 896 1168 946 communis,
1214 894 1308 945 quid
1346 895 1472 946 vitari,

125 953 217 1004 quid
256 956 382 992 teneri
420 954 575 1005 debeat,
615 955 834 992 invenietis.
899 953 951 991 ibi
985 955 1090 991 enim
1128 959 1235 1004 patet
1272 953 1472 991 moralitas

123 1017 310 1064 aetatum,
346 1018 387 1051 ut
419 1014 459 1051 in
493 1013 652 1051 senibus
686 1018 724 1051 et
756 1012 980 1063 iuvenibus,
1015 1025 1196 1063 sexuum,
1228 1018 1271 1050 ut
1304 1014 1343 1050 in
1376 1014 1471 1050 viris

123 1076 161 1109 et
192 1071 438 1124 mulieribus,
473 1072 760 1123 condicionum,
793 1078 836 1109 ut
867 1073 908 1109 in
941 1073 1064 1109 servis
1098 1077 1135 1109 et
1169 1071 1314 1122 liberis,
1348 1076 1382 1108 ct
1419 1073 1469 1109 ita

124 1129 252 1168 laudat
274 1135 311 1168 et
331 1130 580 1169 landabiliter
599 1131 771 1182 prodest,
795 1131 897 1168 unde
919 1130 1102 1168 Horatius
1125 1130 1206 1179 [ars
1227 1134 1328 1181 poet.
1349 1127 1470 1179 343]:

272 1200 395 1239 Omne
430 1201 518 1239 tulit
549 1206 756 1252 punctum,
789 1202 856 1251 qui
888 1203 1045 1239 miscuit
1079 1201 1172 1240 utile
1206 1201 1320 1239 dulci.

209 1271 500 1310 Attendendum
535 1273 651 1310 etiam
690 1277 768 1323 est,
811 1271 932 1323 qnod,
974 1273 1209 1322 quicumque
1243 1273 1284 1309 in
1318 1272 1468 1310 theatro

123 1329 243 1368 voluit
282 1331 467 1382 recitare,
501 1335 582 1368 tres
622 1343 733 1382 opes,
778 1332 852 1368 tria
890 1330 1125 1369 adminicula
1164 1343 1254 1369 eum
1296 1332 1470 1381 oportuit

120 1388 277 1440 habere,
298 1388 448 1427 seilicet
461 1402 583 1427 unum
597 1394 873 1441 correctorem,
894 1389 1012 1427 alium
1027 1391 1289 1442 recitatorem,
1307 1391 1468 1428 tertium

120 1447 381 1486 defensorem.
431 1448 525 1486 haec
553 1461 708 1499 quoque
736 1460 815 1486 non
840 1450 1048 1487 minimum
1075 1449 1267 1500 praevidit
1294 1448 1370 1487 sihi
1396 1449 1467 1487 Te-

117 1507 280 1544 rentius.
313 1506 489 1545 Laelium
510 1508 616 1545 enim
636 1507 773 1545 habuit
787 1512 1062 1559 correctorem,
1087 1507 1320 1559 Calliopium
1341 1508 1468 1546 decla-

118 1570 320 1616 matorem,
341 1565 565 1617 Scipionem
580 1566 838 1604 defensorem.
873 1572 983 1604 erant
1003 1568 1108 1604 enim
1124 1567 1281 1617 quidam
1302 1565 1467 1605 nimium

119 1623 194 1662 sibi
226 1624 463 1677 invidentes,
496 1624 691 1663 Lanuvius
725 1624 875 1663 scilicet
908 1630 947 1663 et
979 1625 1061 1677 alii,
1095 1627 1162 1676 qni
1194 1627 1466 1664 recitationem

118 1684 243 1721 nostri
269 1683 489 1721 disturbare
517 1684 691 1722 volentes
717 1696 844 1734 ιιι-505,
872 1684 1131 1736 funambulos,
1165 1685 1316 1735 pugiles
1343 1686 1465 1723 intro-

117 1741 328 1793 ducebant,
369 1742 440 1780 hoc
468 1754 623 1793 -gcncre
665 1742 851 1793 populum
891 1743 1123 1782 inclinantes
1157 1744 1202 1782 ad
1243 1744 1466 1794 spectacula

118 1801 318 1839 circensia.
382 1805 420 1839 et
452 1806 535 1839 erat
569 1801 697 1851 aliqua
729 1806 965 1852 praepotens
1001 1815 1110 1854 pars,
1144 1815 1242 1853 quae
1275 1803 1465 1854 populum

118 1859 420 1898 tumultuantem
454 1860 699 1898 secundaret.

205 1917 425 1957 Notandum
452 1924 512 1957 est
537 1921 666 1970 etiam,
699 1919 801 1970 quod
835 1921 1049 1970 scriptores
1077 1920 1141 1958 alii
1176 1925 1326 1959 tantum
1353 1923 1463 1972 operi

117 1988 187 2014 suo
220 1976 375 2015 titulum
408 1979 680 2029 praemittunt,
712 1983 755 2017 ut
786 1978 983 2030 Horatius,
1016 1979 1080 2017 alii
1114 1979 1271 2018 titulum
1305 1984 1343 2018 et
1374 1993 1464 2031 pro-

115 2034 258 2086 logum,
285 2041 327 2074 ut
354 2035 571 2089 Sallustius,
603 2036 668 2075 alii
696 2037 852 2075 titulun]
880 2037 1085 2088 prologum
1113 2044 1147 2076 ct
1177 2044 1464 2091 argumentum,

117 2098 158 2131 ut
189 2093 408 2133 Terentius.
465 2108 554 2133 cum
586 2097 691 2133 enim
723 2097 827 2134 inter
859 2102 988 2135 cetera
1022 2098 1072 2135 sit
1105 2098 1278 2135 osticium
1311 2098 1461 2149 prologi

117 2154 316 2191 materiam
349 2155 572 2192 summatim
604 2159 781 2206 tangere,
820 2157 892 2193 iste
927 2160 1062 2194 auctor
1095 2158 1134 2195 in
1176 2156 1348 2207 prologis
1381 2159 1462 2196 suis

115 2211 287 2267 officinm
317 2212 381 2250 dat
414 2212 629 2251 maledictis
659 2213 832 2265 Lanuvii,
865 2216 1009 2253 veteris
1042 2220 1076 2253 et
1113 2215 1281 2253 malivoli
1313 2221 1463 2268 poetae,

210 2326 230 2357 8
264 2324 430 2359 nullum?
552 2329 595 2359 10
622 2326 771 2372 iterum]
803 2326 815 2360 i
842 2338 920 2368 cum
954 2329 1095 2363 hQnol«
1220 2333 1262 2363 16
1295 2329 1462 2376 prodest]

116 2370 260 2414 prodat.
380 2375 424 2406 26
450 2372 518 2407 hoc
546 2384 679 2418 genete
701 2394 744 2399 —-
771 2373 951 2409 circensim
976 2377 1122 2411 inco-t«.

1523 490 1542 520 U(

1501 785 1543 815 10

1496 1397 1539 1428 20

1491 1989 1536 2019 30
