1681 2576
127 727 170 757 10

131 1093 171 1122 15

127 1399 170 1429 20

128 1727 170 1757 25

127 2020 172 2050 30

197 65 280 106 146
611 64 906 101 Commentarius
933 64 1129 109 antiquior.

810 175 868 228 lv,
897 174 932 228 1..

288 249 449 287 Timens
481 247 698 298 Myrrhina,
730 252 856 285 mater
886 245 1161 297 Philumenae,
1193 246 1296 296 quod
1328 245 1548 298 Phidippus

197 310 275 346 iam
301 307 475 346 audisset
501 318 637 344 vocem
662 307 778 356 pueri
803 306 1007 356 vagientis,
1034 303 1188 342 dicebat
1214 316 1358 343 secum.
1405 303 1429 343 3
1458 317 1546 345 cor-

197 369 325 415 ripuit
353 364 455 415 sese]
496 365 655 403 intravit
694 363 835 403 subito.
887 363 910 403 7
943 376 986 402 se
1024 362 1159 412 duxit]
1200 364 1374 402 secessit.
1426 362 1451 402 9
1484 367 1548 403 vir

196 437 268 473 eqo
295 430 382 463 tuos
400 423 491 473 sim]
513 424 696 462 ironicos.
740 421 861 472 adeo]
889 426 1005 460 certe.
1047 420 1099 460 11
1122 421 1314 472 ludibrio]
1337 422 1544 461 delusioni.

198 482 251 521 12
285 486 388 522 istuc
415 488 575 532 patrem
602 481 693 531 etc]
726 481 942 520 irascendo,
996 478 1048 519 17
1077 480 1309 530 pervicaci]
1342 482 1547 534 pertinaci,

196 543 305 581 duro.
360 539 414 580 19
447 543 661 580 advorsum
695 542 822 579 animi
853 542 912 578 lui
941 538 1164 588 libidinem]
1204 544 1339 577 contra
1371 539 1548 579 volunta-

196 609 277 640 tem
316 601 436 639 animi
472 601 531 638 tui
568 598 718 637 malam.
771 595 827 636 24
859 597 1140 647 pernoctaret]
1182 602 1295 636 nocte
1329 598 1425 637 soris
1458 611 1547 637 cum

196 661 406 698 meretrice
433 663 548 697 esset.
600 656 654 697 28
681 670 724 696 se
749 655 922 706 quoque]
949 656 1094 694 nedum
1119 658 1361 695 meretrices.
1396 657 1549 708 oderit]

197 731 290 770 prae
331 722 543 756 senectute.
602 714 658 755 30
696 715 848 765 ratum]
887 715 1054 753 firmum.
1112 713 1165 753 31
1205 728 1271 754 res
1302 715 1421 766 haec]
1456 718 1547 767 quia

199 778 334 816 celasti
354 788 531 828 puerum.
579 773 632 815 38
654 773 888 824 hamanum]
911 773 1070 812 liberale
1093 778 1130 812 et
1149 773 1368 813 honestum.
1400 772 1458 814 40
1478 777 1547 814 leo-

197 835 354 886 minem]
387 848 501 873 verae
539 834 642 872 fidei.
701 833 849 883 virum]
892 834 1087 871 maritum.
1143 829 1199 871 46
1234 832 1332 882 par]
1372 833 1545 884 dignum.

197 893 252 935 56
287 893 438 944 tollam]
471 895 653 932 nutriam.
705 890 760 932 58
799 890 1032 941 quicquam]
1065 892 1343 929 vestimentum
1375 892 1435 931 vel
1469 892 1545 931 tale

198 953 357 1006 aliquid,
388 965 459 1005 per
492 952 595 1004 quod
628 954 990 1002 recognosceretur.
1041 949 1128 999 qai]
1163 950 1368 1001 quomodo.

810 1080 869 1132 IV,
897 1078 933 1118 2.

285 1152 456 1191 Excusat
482 1164 522 1190 se
545 1152 718 1190 Sostrata
745 1151 846 1202 apud
874 1149 997 1188 filium
1024 1146 1111 1188 non'
1130 1162 1222 1188 suae
1250 1150 1384 1201 culpae
1412 1151 1549 1203 fuisse,

198 1212 300 1263 quod
334 1213 419 1250 eius
451 1223 550 1249 uxor
582 1223 738 1248 reversa
772 1214 831 1248 est
863 1209 909 1247 ad
937 1209 1095 1247 domum
1121 1214 1348 1248 maternam.
1396 1207 1449 1249 18
1482 1222 1546 1248 sa-

197 1270 291 1320 tias]
327 1272 497 1308 satietas.
555 1268 609 1307 22
643 1269 808 1318 causas]
843 1269 1081 1306 occasiones.
1121 1268 1380 1318 praecidam]
1415 1268 1546 1307 exclu-

197 1330 295 1368 dam.
360 1327 414 1367 23
453 1340 600 1367 morem
636 1326 817 1376 yessero]
858 1326 1143 1364 obsecundabo
1208 1324 1264 1365 24
1302 1329 1410 1375 quod
1444 1330 1548 1367 male

198 1391 312 1427 audit
350 1387 441 1437 etc]
484 1386 708 1439 maledicta,
750 1398 848 1436 quae
890 1385 1069 1435 vulgares
1110 1385 1297 1424 mulieres
1339 1387 1548 1438 sustinent,

197 1447 300 1498 quod
322 1458 458 1484 omnes
480 1458 616 1484 socrus
638 1445 805 1483 oderunt
824 1456 949 1483 nurus
971 1455 1071 1482 suas.
1106 1442 1160 1484 28
1182 1447 1243 1483 uti
1261 1457 1346 1483 esse
1366 1457 1438 1493 eqo
1453 1445 1545 1495 etc]

195 1506 315 1557 proba
338 1510 376 1543 et
396 1505 581 1543 modesta.

811 1584 871 1637 lv,
898 1583 933 1624 3.

284 1658 433 1697 Laches
474 1657 622 1696 audivit
666 1669 755 1695 cum
799 1655 1000 1706 Pamphilo
1046 1656 1260 1694 Sostratam
1306 1656 1544 1709 loquentem,

199 1723 305 1756 stans
339 1729 386 1755 ex
418 1716 598 1768 adverso,
631 1721 669 1754 et
702 1716 918 1766 dicentem,
952 1715 1055 1764 quod
1088 1715 1306 1753 dimitteret
1337 1715 1475 1753 urbem
1509 1721 1548 1754 et

200 1781 384 1827 pergeret
416 1788 483 1813 rus
516 1781 555 1813 et
587 1780 734 1826 cetera,
774 1779 811 1812 et
842 1774 988 1812 vadens
1026 1773 1072 1811 ad
1105 1785 1190 1811 eam
1222 1773 1352 1811 laudat
1383 1786 1466 1812 eam
1500 1787 1548 1812 ex

199 1835 270 1873 hac
303 1847 344 1872 re
372 1835 426 1872 M.
486 1832 507 1872 1
532 1833 698 1883 procul]
725 1845 861 1884 prope,
893 1844 972 1870 non
998 1831 1122 1882 longe.
1174 1831 1198 1870 2
1227 1832 1313 1882 qui]
1342 1833 1548 1883 quomodo.

201 1891 225 1932 3
258 1893 384 1942 quod]
418 1892 609 1931 videlicet.
656 1894 759 1931 idem
790 1893 866 1930 hoc
898 1903 1006 1929 nanc
1036 1893 1073 1929 si
1098 1890 1267 1940 feceris]
1306 1893 1338 1929 si
1370 1891 1416 1929 ah
1449 1891 1547 1930 urbe

200 1953 345 1990 exieris
372 1963 488 2004 nunc,
509 1951 611 2002 quod
633 1950 840 2001 aliquando
862 1949 1086 1988 faciundum
1114 1951 1199 1987 erit.
1251 1948 1276 1988 6
1299 1949 1404 2000 dixi]
1425 1951 1546 1988 fixum

200 2016 269 2049 est.
316 2008 369 2048 12
403 2009 579 2059 nescias]
613 2022 661 2048 an
693 2009 907 2047 concordes
940 2009 1018 2045 sint
1050 2020 1098 2046 an
1130 2008 1332 2047 discordes
1358 2014 1481 2047 mater
1508 2014 1548 2047 et

197 2069 438 2120 Philumena,
470 2069 563 2107 dum
589 2068 816 2107 Philumena
848 2073 978 2106 tecum
1010 2068 1050 2104 in
1082 2066 1192 2119 urhe,
1223 2072 1348 2105 mater
1379 2080 1470 2106 vero
1503 2069 1544 2106 in

198 2140 289 2166 rure
310 2139 464 2166 mecum
484 2127 716 2166 habitaverit
732 2129 775 2165 E.
809 2139 935 2177 neque
964 2126 1054 2177 scis,
1074 2126 1177 2175 quod
1198 2126 1308 2178 dicis,
1328 2138 1456 2177 neque
1476 2139 1544 2177 po-

198 2187 294 2224 teris
314 2198 441 2238 agere,
467 2191 510 2225 ut
535 2186 644 2224 dicis.
666 2187 795 2224 DEC.
832 2184 884 2224 1ss
908 2197 984 2234 per
1004 2184 1171 2234 tempus]
1195 2184 1275 2223 scil.
1298 2190 1543 2235 oportunum.

292 2302 336 2333 33
362 2299 418 2345 ut]
445 2298 500 2333 ita
526 2299 619 2333 DE.
