1681 2576
189 115 244 157 92
603 114 895 149 Commentarius
923 112 1120 158 antiquior.

189 232 260 278 est,
293 226 459 281 qualiter
492 226 597 263 Simo
631 225 862 275 deprecatus
895 229 954 263 est
981 224 1239 276 Chremetem,
1270 231 1313 263 ut
1344 227 1529 265 redderet

188 287 265 336 ipsi
304 285 425 323 filium
464 284 589 322 dando
622 284 740 322 filiam
780 296 906 335 suam,
945 289 983 321 et
1015 284 1061 321 ad
1093 284 1165 322 hoc
1198 285 1280 334 ipse
1314 286 1526 335 respondit.

190 342 245 382 10
272 345 510 383 abhorrenti
534 344 584 382 ab
614 356 660 382 re
685 342 852 392 uxoria]
887 342 1110 394 declinanti,
1143 344 1365 395 refugienti,
1397 344 1436 382 id
1468 349 1528 382 cst

189 405 256 453 qui
296 407 455 454 respuat
491 414 665 440 uxorem.
739 400 790 439 11
833 404 872 440 in
909 402 1159 451 seditionem]
1203 403 1242 440 in
1281 402 1528 441 discordiam.

142 471 161 501 5
191 460 244 502 18
276 464 338 501 his
371 460 567 510 desinent]
607 460 653 499 ab
691 461 751 498 his
784 462 989 510 figmentis.
1053 458 1108 499 20
1141 461 1251 510 vero]
1290 460 1439 499 scilicet
1471 462 1528 499 in-

188 522 374 572 dignanti.
416 519 539 569 voltu]
567 532 636 570 pro
657 519 776 558 vultu.
818 517 871 557 21
895 519 1043 569 Dauos]
1072 521 1333 559 nominativus
1354 532 1529 570 graecus.

189 579 356 629 oblelus]
390 591 460 630 pro
494 578 647 617 oblitus.

807 659 847 712 V,
875 658 911 698 2.

277 732 376 771 Dum
402 732 509 787 Simo
537 736 576 769 et
602 731 788 770 Chremes
820 735 956 783 mutuo
988 730 1181 783 locuntur,
1212 732 1317 770 videt
1343 732 1528 770 Chremes

119 799 162 831 10
188 792 334 830 Davum
367 795 574 829 exeuntem
607 803 627 828 a
660 790 774 827 domo
807 788 994 841 Glycerii,
1027 802 1102 840 quo
1136 792 1295 829 intravit
1327 804 1415 829 cum
1447 790 1529 829 Cri-

188 857 279 889 tone
312 855 350 888 et
380 850 539 900 Myside.
598 847 619 887 1
656 851 788 887 animo
820 848 910 898 etan]
945 861 1088 887 secum.
1136 852 1258 888 otioso
1291 849 1391 899 esse]
1427 849 1529 900 quod

189 909 405 948 disturbavi
437 909 613 959 nuptias,
645 907 683 945 id
717 912 793 946 est:
829 907 990 945 cessabo
1023 920 1043 945 a
1075 907 1236 960 talibus,
1269 921 1366 959 quae
1399 908 1530 946 multi—

188 969 345 1020 plieiter
371 972 462 1006 sunt
489 967 694 1018 denudata,
719 979 808 1004 nam
833 965 939 1004 Crito
967 966 1143 1005 definivit
1167 967 1266 1006 113110
1293 980 1379 1005 esse
1407 969 1531 1005 civem
1552 961 1554 964 ’

188 1028 364 1066 Atticam.
405 1027 479 1065 1100
499 1031 629 1064 autem
649 1025 802 1064 dicebat
821 1024 959 1077 Davus,
985 1030 1192 1076 postquam
1218 1025 1405 1078 audierat,
1427 1025 1530 1076 quod

121 1095 161 1125 15
190 1087 296 1125 Crito
323 1085 547 1137 Glycerium
573 1084 789 1123 affirmabat
815 1085 939 1123 civem
965 1096 1051 1122 esse
1072 1084 1249 1123 Atticam.
1300 1097 1360 1124 em
1380 1086 1532 1124 Davom

189 1145 283 1195 tibi]
304 1144 562 1196 parenthesis.
603 1142 627 1182 3
649 1156 721 1192 eqo
736 1143 827 1193 eta]
849 1143 1028 1194 syllepsis
1042 1156 1113 1194 per
1128 1156 1280 1194 genera.
1320 1146 1534 1182 adventum

189 1204 356 1254 tempus]
395 1203 546 1242 scilicet
571 1203 617 1241 ad
644 1208 798 1253 tempus
831 1203 985 1240 venisse
1018 1215 1061 1240 ac
1093 1215 1164 1253 per
1194 1203 1267 1240 1100
1300 1207 1529 1253 opportune.

187 1262 217 1302 4
236 1266 277 1302 in
296 1262 417 1312 vado]
438 1264 479 1300 in
498 1267 627 1314 portu,
646 1263 687 1300 in
706 1261 984 1312 tranquillitate
1006 1261 1078 1311 [Gs
1099 1261 1338 1311 securitate]
1370 1258 1397 1300 5
1418 1260 1529 1310 erus]

189 1322 352 1361 audiens
383 1321 509 1359 Davus
542 1321 744 1359 dominum
781 1320 1005 1371 loquentem
1038 1319 1192 1358 dicebat
1230 1332 1374 1358 secum.
1432 1321 1533 1358 bone

118 1389 163 1420 20
189 1381 268 1431 vir]
311 1382 493 1418 ironicos.
557 1379 697 1429 Ehem]
742 1381 905 1418 mutavit
947 1392 1105 1417 sensum
1146 1381 1340 1417 sermonis
1381 1372 1532 1430 callide,

191 1440 340 1478 seilicet
371 1439 534 1477 honeste
568 1443 760 1477 commoto
793 1440 922 1477 animo
955 1438 1064 1476 dixit.
1118 1436 1143 1476 9
1177 1440 1250 1477 tibi
1280 1437 1394 1487 erqo]
1428 1438 1531 1475 affir-

189 1501 341 1537 mative.
396 1498 534 1547 quasi]
570 1499 814 1548 interruptio.
874 1495 927 1535 12
955 1509 1044 1535 cum
1072 1499 1140 1536 illa
1166 1496 1314 1547 litiqat]
1348 1498 1532 1535 ironicos.

193 1556 247 1596 14
279 1556 412 1606 ellum]
447 1570 537 1595 0000
570 1556 690 1595 11111111.
744 1556 876 1606 catus]
911 1556 1059 1594 doctus.
1119 1553 1171 1595 16
1203 1555 1413 1605 severitas]
1447 1567 1531 1606 gra-

190 1619 299 1655 vitas.
363 1614 419 1654 20
450 1614 670 1665 sublimem]
711 1615 987 1666 suspendendo
1026 1615 1072 1653 ad
1110 1614 1261 1653 trabem
1297 1619 1362 1653 aut
1393 1614 1440 1652 ad
1472 1626 1533 1653 ar-

120 1683 164 1714 25
190 1676 326 1714 borem
347 1676 406 1713 sac
426 1674 536 1713 illum
556 1674 775 1713 sublimem.
815 1672 871 1713 24
891 1673 1034 1723 audin]
1056 1674 1312 1724 parenthesis.
1352 1675 1531 1722 quadru-

188 1734 347 1784 pedem]
372 1736 414 1772 in
433 1746 583 1772 morem
604 1733 881 1785 quadrupedis,
907 1733 946 1771 id
968 1737 1027 1770 est
1047 1732 1163 1771 simul
1189 1745 1326 1771 manus
1349 1737 1387 1770 et
1411 1732 1532 1782 pedes

173 1799 235 1848 <ut
267 1793 511 1831 cohaereant.
569 1791 623 1831 28
652 1791 859 1842 pietatem]
894 1793 1075 1830 ironicos.

808 1921 849 1973 V,
877 1919 912 1959 3.

281 1992 453 2031 Audiens
475 1992 593 2044 Simo,
620 1992 723 2043 quod
744 1991 847 2030 filius
873 1993 957 2030 eius
978 1996 1083 2029 esset
1107 1993 1212 2029 intus
1234 2003 1322 2029 cum
1343 1989 1534 2042 Glycerio,

123 2060 167 2092 30
193 2053 299 2090 venit
319 2052 365 2090 ad
387 2053 530 2090 ostium
551 2051 720 2089 clamans
737 2050 981 2101 Pamphilum
1001 2050 1048 2088 ad
1069 2063 1121 2088 se.
1159 2050 1195 2088 Is
1216 2050 1378 2088 audiens
1398 2062 1533 2088 vocem

192 2113 316 2162 patris
348 2112 492 2161 inquit:
531 2112 619 2161 quis
652 2122 714 2148 me
740 2109 830 2161 volt,
863 2109 1013 2148 scilicet
1042 2107 1287 2156 adostium‘?
1342 2107 1532 2158 omnium]

193 2171 448 2222 nequissime,
475 2174 513 2208 et
538 2174 598 2207 est
624 2169 792 2220 eclipsis.
826 2166 852 2207 5
867 2168 1168 2218 confidentiam]
1191 2168 1391 2207 audaciam
1411 2172 1449 2205 et
1469 2179 1531 2205 su-

193 2229 381 2280 perbiam.
420 2229 654 2267 confidentia
674 2229 832 2279 proprie
852 2229 892 2265 in
913 2226 1013 2265 malo
1034 2228 1202 2278 ponitur.
1250 2225 1302 2266 18
1324 2229 1378 2265 mi
1393 2225 1533 2276 pater]
1577 2263 1582 2268 ,

290 2358 334 2388 24
361 2355 409 2389 ad
434 2353 631 2388 sublimem
656 2354 699 2397 ef.
727 2353 869 2388 Riesehz
894 2363 948 2397 op.
969 2356 1007 2396 2,
1026 2355 1108 2388 462.
