1681 2576
195 130 251 171 82
608 130 899 166 Commentarius
925 131 1121 176 antiquior.

816 242 844 294 I,
871 240 907 280 3.
929 283 933 287 ,

286 311 308 351 1
343 313 459 351 Enim
491 310 602 362 vero]
642 312 698 350 Ad
736 317 860 351 semet
896 313 1027 363 ipsum
1058 312 1241 363 loquitur.
1302 312 1532 364 socordiae]

194 372 233 410 id
266 376 326 410 est
359 370 555 409 stultitiae.
619 372 752 410 socors
785 371 944 423 dicitur,
978 373 1087 422 quasi
1120 370 1370 424 sine'corde,
1402 372 1441 410 id
1475 378 1536 411 est

2 416 114 478 ssfuc.
195 433 279 469 sine
312 430 513 469 intellectu
544 429 597 478 cf.
629 431 731 479 Egst.
758 443 825 480 pq.
852 430 946 468 293.
986 431 1041 469 M.
1106 429 1128 469 7
1164 429 1360 481 infensus]
1398 431 1534 482 iratus,

10 489 109 526 {um
147 497 166 527 5
193 489 281 540 plus
309 501 425 540 quam
452 488 620 527 odiosus.
661 487 686 528 8
713 487 895 538 causam]
923 490 1178 527 occasionem.
1216 487 1269 527 12
1297 489 1533 540 audaciam]

192 549 553 599 praesumptionem
574 553 612 586 et
637 549 961 586 immensuratum
981 560 1163 586 amorem.
1217 546 1270 587 13
1297 547 1532 598 amentium]

194 607 444 646 delirantium
457 608 498 645 G.
520 605 757 656 amantium]
771 606 1017 656 diligentium
1030 608 1072 645 G.
1095 604 1150 645 14
1161 606 1316 657 tollere]
1331 608 1533 658 suscipere

194 671 233 704 et
263 667 426 705 nutrire.
477 663 534 704 20
566 664 843 715 commentum]
876 665 1134 718 mendacium,
1167 667 1533 717 excogitamentum,

193 726 432 776 figmentum.
469 723 522 763 21
549 736 637 763 cum
659 724 722 762 hic
739 723 866 762 Davus
887 736 1021 762 secum
1039 724 1278 776 loqueretur,
1301 725 1397 763 vidit
1414 724 1533 763 ancil-

125 792 167 823 10
192 784 269 823 lam
289 784 459 835 Glycerii
484 784 641 821 nomine
668 782 794 834 Mysin
821 795 841 821 a
867 783 981 821 domo
1010 782 1179 834 Glycerii
1205 788 1413 822 exeuntem
1433 784 1533 822 DM.

193 856 253 883 me
285 846 341 883 ad
366 841 521 892 forum]
555 842 704 880 ducam.

816 929 847 967 I·
869 926 907 967 4.

283 1001 347 1039 Sic
378 1000 552 1052 loquitur
582 1000 677 1039 haec
703 961 844 1052 Mysisj
866 1001 977 1050 quasi
1007 999 1072 1038 illa
1103 1000 1327 1050 egrediente
1361 1000 1433 1038 alia
1464 1013 1534 1039 no-

194 1062 299 1099 mine
331 1059 508 1111 Archylis
541 1059 725 1098 clamaret
755 1064 845 1110 post
875 1058 990 1097 illam.
1041 1057 1065 1097 2
1093 1059 1322 1109 temulenta]
1357 1059 1464 1097 ebria
1490 1061 1533 1098 G.

125 1128 165 1159 15
192 1117 220 1158 4
247 1117 593 1169 inportunitatem]
626 1119 998 1169 praesumptionem.
1052 1115 1079 1157 5
1105 1117 1346 1168 compotrix]
1374 1130 1533 1169 compos

192 1178 251 1217 vel
278 1179 382 1217 socia
408 1179 716 1229 importunitatis
733 1178 764 1216 C
769 1178 808 1215 E
824 1178 894 1226 (cf.
909 1178 1062 1224 Loewe,
1078 1178 1325 1216 Prodromus
1335 1178 1393 1215 34
1408 1179 1534 1225 adn).

815 1300 843 1352 I,
869 1297 907 1339 5.

283 1372 425 1411 Secum
465 1371 638 1422 loquitur
678 1370 902 1422 Pamphilus
944 1372 985 1408 iu
1022 1370 1167 1422 eunde,
1211 1372 1264 1409 ita
1301 1376 1448 1423 tamen,
1491 1376 1536 1409 ut

192 1432 310 1484 Mysis
347 1432 473 1482 possit
510 1430 655 1469 audire.
719 1428 743 1468 2
785 1430 884 1469 Dum
924 1429 1042 1480 Mysis
1083 1431 1159 1467 iret
1198 1441 1269 1480 pro
1312 1429 1534 1482 obstetrice,

122 1500 166 1531 20
192 1492 289 1530 vidit
319 1489 564 1541 Pamphilum
601 1490 736 1527 venire
773 1490 944 1540 tristem,
986 1489 1265 1540 exanimatum,
1305 1490 1394 1539 quia
1423 1488 1534 1527 Pam-

193 1549 323 1602 philus
356 1548 502 1600 aliquid
536 1548 713 1587 audierat
744 1560 791 1586 ex
822 1549 989 1599 nuptiis,
1030 1547 1197 1598 ideoque
1229 1548 1339 1586 stetit
1370 1547 1451 1599 illa,
1474 1552 1536 1586 -ut

193 1611 324 1661 sciret,
357 1608 461 1659 quod
493 1606 638 1646 malum
667 1608 704 1645 ei
735 1606 939 1645 acciderat.
985 1605 1084 1656 Pro]
1118 1607 1339 1645 interiectio
1367 1606 1534 1645 dolentis

195 1668 274 1718 [D.-
306 1665 530 1716 irascentis]
574 1671 643 1705 est.
708 1665 730 1704 7
772 1667 815 1704 id
849 1664 1037 1715 mutavit]
1080 1665 1378 1716 denegationem
1413 1666 1537 1716 ponit.

196 1726 220 1767 8
248 1724 461 1775 obstinate]
494 1729 805 1776 perseveranter,
836 1725 1035 1762 intentive.
1087 1721 1143 1762 10
1169 1723 1434 1774 invenustum]
1469 1723 1535 1762 de-

123 1787 440 1825 251101101·atum:
508 1782 559 1822 11
601 1796 679 1833 pro
715 1785 832 1822 deum
863 1782 954 1833 eta]
994 1782 1220 1821 exclamatio
1262 1795 1351 1820 cum
1391 1781 1534 1821 dolore.

196 1843 249 1883 12
284 1842 541 1893 affinitatem]
569 1843 914 1893 propinquitatem,
941 1842 1107 1880 affinitas
1135 1847 1193 1880 est
1219 1842 1442 1879 coniunctio
1468 1854 1535 1892 pa-

193 1902 377 1942 rentelae.
427 1899 480 1940 13
513 1900 688 1951 spretus]
722 1900 993 1939 subsannatus
1037 1899 1142 1950 hem]
1175 1901 1382 1938 irascentis
1414 1901 1535 1938 inter-

194 1963 311 2001 iectio
350 1965 419 1999 est.
484 1958 538 1999 15
576 1959 765 2009 monstri]
805 1960 981 2010 figmenti
1017 1959 1077 1997 vel
1114 1960 1214 1997 novi.
1278 1957 1329 1998 17
1364 1958 1433 2009 alt]
1470 1971 1535 1997 ex-

192 2021 447 2073 pavescentis.
494 2016 549 2058 25
577 2018 812 2068 impediunt]
840 2017 1052 2070 involvunt,
1078 2018 1288 2069 implicant.
1331 2017 1534 2068 divorsae]

121 2090 165 2120 30
192 2082 233 2119 in
265 2080 438 2118 diversas
470 2083 611 2129 partes.
675 2076 728 2117 27
758 2076 910 2127 pudor]
944 2077 1189 2115 verecundia.
1253 2075 1307 2116 28
1341 2079 1429 2116 eine
1460 2088 1534 2125 eqo

192 2138 257 2189 ut]
291 2138 330 2176 id
357 2142 433 2176 est:
460 2137 649 2187 numquid
677 2136 834 2174 suaderi
859 2141 1000 2188 potest,
1031 2141 1074 2174 ut
1101 2148 1170 2187 ego
1198 2137 1245 2187 ei,
1278 2135 1317 2173 id
1344 2139 1404 2173 est
1431 2135 1534 2186 patri

191 2210 291 2250 meo,
318 2194 529 2235 adverser‘?
548 2197 586 2234 C.
631 2194 686 2234 29
713 2194 920 2245 quorsum]
948 2197 988 2233 in
1015 2207 1131 2246 quam
1156 2200 1317 2246 partem.
1369 2192 1424 2232 30
1440 2206 1534 2243 per-

287 2327 306 2357 9
328 2333 410 2357 cum
429 2321 478 2363 D,
500 2321 587 2355 dum
607 2321 661 2355 M.
760 2323 803 2355 10
823 2320 949 2365 Mysis.
1049 2323 1093 2354 20
1113 2319 1240 2355 venire
1262 2340 1303 2355 —,
1326 2322 1369 2353 21
1391 2318 1532 2363 nuptiis

190 2381 256 2406 om.
284 2370 336 2404 M.
435 2372 480 2403 24
504 2368 647 2403 intente
677 2368 721 2404 G.
