<?xml version="1.0" encoding="UTF-8"?>
<!DOCTYPE html PUBLIC "-//W3C//DTD XHTML 1.0 Transitional//EN"
    "http://www.w3.org/TR/xhtml1/DTD/xhtml1-transitional.dtd">
<html xmlns="http://www.w3.org/1999/xhtml" xml:lang="en" lang="en">
 <head>
  <title>
</title>
<meta http-equiv="Content-Type" content="text/html;charset=utf-8" />
  <meta name='ocr-system' content='tesseract 3.04.00' />
  <meta name='ocr-capabilities' content='ocr_page ocr_carea ocr_par ocr_line ocrx_word'/>
</head>
<body>
  <div class='ocr_page' id='page_1' title='image "./scholiaterentian00schluoft_0074.png"; bbox 0 0 1681 2576; ppageno 0'>
   <div class='ocr_carea' id='block_1_1' title="bbox 166 765 208 795">
    <p class='ocr_par' dir='ltr' id='par_1_1' title="bbox 166 765 208 795">
     <span class='ocr_line' id='line_1_1' title="bbox 166 765 208 795; baseline 0.024 -1"><span class='ocrx_word' id='word_1_1' title='bbox 166 765 208 795; x_wconf 88' lang='grc'>10</span> 
     </span>
    </p>
   </div>
   <div class='ocr_carea' id='block_1_2' title="bbox 166 1058 208 1088">
    <p class='ocr_par' dir='ltr' id='par_1_2' title="bbox 166 1058 208 1088">
     <span class='ocr_line' id='line_1_2' title="bbox 166 1058 208 1088; baseline 0 0"><span class='ocrx_word' id='word_1_2' title='bbox 166 1058 208 1088; x_wconf 85' lang='grc'>15</span> 
     </span>
    </p>
   </div>
   <div class='ocr_carea' id='block_1_3' title="bbox 166 1772 208 1803">
    <p class='ocr_par' dir='ltr' id='par_1_3' title="bbox 166 1772 208 1803">
     <span class='ocr_line' id='line_1_3' title="bbox 166 1772 208 1803; baseline 0 0"><span class='ocrx_word' id='word_1_3' title='bbox 166 1772 208 1803; x_wconf 82' lang='grc'>25</span> 
     </span>
    </p>
   </div>
   <div class='ocr_carea' id='block_1_4' title="bbox 167 2065 211 2096">
    <p class='ocr_par' dir='ltr' id='par_1_4' title="bbox 167 2065 211 2096">
     <span class='ocr_line' id='line_1_4' title="bbox 167 2065 211 2096; baseline 0 0"><span class='ocrx_word' id='word_1_4' title='bbox 167 2065 211 2096; x_wconf 89' lang='grc'>30</span> 
     </span>
    </p>
   </div>
   <div class='ocr_carea' id='block_1_5' title="bbox 237 113 1332 160">
    <p class='ocr_par' dir='ltr' id='par_1_5' title="bbox 237 113 1332 160">
     <span class='ocr_line' id='line_1_5' title="bbox 237 113 1332 160; baseline 0.003 -12"><span class='ocrx_word' id='word_1_5' title='bbox 237 114 292 155; x_wconf 78' lang='grc'>62</span> <span class='ocrx_word' id='word_1_6' title='bbox 485 114 510 149; x_wconf 88' lang='grc' dir='ltr'>Ι.</span> <span class='ocrx_word' id='word_1_7' title='bbox 550 113 699 149; x_wconf 79' lang='lat' dir='ltr'>Scholia</span> <span class='ocrx_word' id='word_1_8' title='bbox 725 124 743 148; x_wconf 88' lang='lat' dir='ltr'>e</span> <span class='ocrx_word' id='word_1_9' title='bbox 771 114 897 149; x_wconf 86' lang='lat' dir='ltr'>Servio</span> <span class='ocrx_word' id='word_1_10' title='bbox 924 115 961 149; x_wconf 82' lang='grc'>61</span> <span class='ocrx_word' id='word_1_11' title='bbox 986 113 1177 149; x_wconf 78' lang='lat' dir='ltr'>Prisciano</span> <span class='ocrx_word' id='word_1_12' title='bbox 1202 115 1332 160; x_wconf 76' lang='lat' dir='ltr'>petita.</span> 
     </span>
    </p>
   </div>
   <div class='ocr_carea' id='block_1_6' title="bbox 234 223 1581 1215">
    <p class='ocr_par' dir='ltr' id='par_1_6' title="bbox 236 223 1579 336">
     <span class='ocr_line' id='line_1_6' title="bbox 236 223 1579 277; baseline 0.003 -15"><span class='ocrx_word' id='word_1_13' title='bbox 236 227 276 262; x_wconf 88' lang='lat' dir='ltr'>in</span> <span class='ocrx_word' id='word_1_14' title='bbox 309 238 381 263; x_wconf 88' lang='lat' dir='ltr'>usu</span> <span class='ocrx_word' id='word_1_15' title='bbox 414 237 492 263; x_wconf 91' lang='lat' dir='ltr'>non</span> <span class='ocrx_word' id='word_1_16' title='bbox 525 229 600 275; x_wconf 84' lang='lat' dir='ltr'>est,</span> <span class='ocrx_word' id='word_1_17' title='bbox 639 224 741 275; x_wconf 88' lang='lat' dir='ltr'>quod</span> <span class='ocrx_word' id='word_1_18' title='bbox 781 223 915 263; x_wconf 82' lang='lat' dir='ltr'>debuit</span> <span class='ocrx_word' id='word_1_19' title='bbox 954 225 1169 263; x_wconf 81' lang='lat' dir='ltr'>secundnm</span> <span class='ocrx_word' id='word_1_20' title='bbox 1201 225 1415 276; x_wconf 78' lang='lat' dir='ltr'>analogiam</span> <span class='ocrx_word' id='word_1_21' title='bbox 1446 229 1579 277; x_wconf 86' lang='lat' dir='ltr'>perior</span> 
     </span>
     <span class='ocr_line' id='line_1_7' title="bbox 236 282 1577 336; baseline 0.004 -18"><span class='ocrx_word' id='word_1_22' title='bbox 236 296 334 321; x_wconf 75' lang='lat' dir='ltr'>esse.</span> <span class='ocrx_word' id='word_1_23' title='bbox 373 283 427 321; x_wconf 77' lang='lat' dir='ltr'>Ita</span> <span class='ocrx_word' id='word_1_24' title='bbox 448 295 534 321; x_wconf 83' lang='lat' dir='ltr'>esse</span> <span class='ocrx_word' id='word_1_25' title='bbox 556 282 779 321; x_wconf 68' lang='lat' dir='ltr'>Priscianus</span> <span class='ocrx_word' id='word_1_26' title='bbox 800 283 965 321; x_wconf 81' lang='lat' dir='ltr'>affirmat</span> <span class='ocrx_word' id='word_1_27' title='bbox 986 285 1024 321; x_wconf 92' lang='lat' dir='ltr'>in</span> <span class='ocrx_word' id='word_1_28' title='bbox 1046 284 1060 321; x_wconf 92' lang='grc' dir='ltr'>Ι</span> <span class='ocrx_word' id='word_1_29' title='bbox 1080 283 1179 321; x_wconf 81' lang='lat' dir='ltr'>libro</span> <span class='ocrx_word' id='word_1_30' title='bbox 1200 283 1310 322; x_wconf 73' lang='lat' dir='ltr'>verbi</span> <span class='ocrx_word' id='word_1_31' title='bbox 1331 283 1376 336; x_wconf 83' lang='grc'>[1,</span> <span class='ocrx_word' id='word_1_32' title='bbox 1389 282 1504 336; x_wconf 88' lang='grc'>400]</span> <span class='ocrx_word' id='word_1_33' title='bbox 1534 287 1577 324; x_wconf 82' lang='lat' dir='ltr'>E.</span> 
     </span>
    </p>

    <p class='ocr_par' dir='ltr' id='par_1_7' title="bbox 234 340 1579 508">
     <span class='ocr_line' id='line_1_8' title="bbox 324 340 1578 394; baseline 0.002 -14"><span class='ocrx_word' id='word_1_34' title='bbox 324 341 434 380; x_wconf 85' lang='lat' dir='ltr'>Haut.</span> <span class='ocrx_word' id='word_1_35' title='bbox 456 341 514 392; x_wconf 85' lang='lat' dir='ltr'>IV,</span> <span class='ocrx_word' id='word_1_36' title='bbox 535 340 573 392; x_wconf 85' lang='grc'>6,</span> <span class='ocrx_word' id='word_1_37' title='bbox 594 340 646 379; x_wconf 89' lang='grc'>21</span> <span class='ocrx_word' id='word_1_38' title='bbox 677 342 834 391; x_wconf 78' lang='lat' dir='ltr'>deamo]</span> <span class='ocrx_word' id='word_1_39' title='bbox 862 342 990 380; x_wconf 82' lang='lat' dir='ltr'>dehic</span> <span class='ocrx_word' id='word_1_40' title='bbox 1018 344 1195 392; x_wconf 77' lang='lat' dir='ltr'>augentis</span> <span class='ocrx_word' id='word_1_41' title='bbox 1222 347 1293 394; x_wconf 87' lang='lat' dir='ltr'>est,</span> <span class='ocrx_word' id='word_1_42' title='bbox 1323 343 1363 381; x_wconf 90' lang='lat' dir='ltr'>id</span> <span class='ocrx_word' id='word_1_43' title='bbox 1390 349 1450 382; x_wconf 90' lang='lat' dir='ltr'>est</span> <span class='ocrx_word' id='word_1_44' title='bbox 1468 344 1578 382; x_wconf 85' lang='lat' dir='ltr'>valde</span> 
     </span>
     <span class='ocr_line' id='line_1_9' title="bbox 236 400 1579 452; baseline 0.001 -14"><span class='ocrx_word' id='word_1_45' title='bbox 236 412 338 452; x_wconf 87' lang='lat' dir='ltr'>amo,</span> <span class='ocrx_word' id='word_1_46' title='bbox 380 407 422 438; x_wconf 88' lang='lat' dir='ltr'>ut</span> <span class='ocrx_word' id='word_1_47' title='bbox 464 400 670 438; x_wconf 76' lang='lat' dir='ltr'>dehiscens</span> <span class='ocrx_word' id='word_1_48' title='bbox 714 400 821 438; x_wconf 80' lang='lat' dir='ltr'>valde</span> <span class='ocrx_word' id='word_1_49' title='bbox 863 400 1019 439; x_wconf 75' lang='lat' dir='ltr'>hiscens</span> <span class='ocrx_word' id='word_1_50' title='bbox 1062 401 1276 439; x_wconf 88' lang='lat' dir='ltr'>secundum</span> <span class='ocrx_word' id='word_1_51' title='bbox 1319 401 1497 441; x_wconf 84' lang='lat' dir='ltr'>Servium</span> <span class='ocrx_word' id='word_1_52' title='bbox 1538 404 1579 441; x_wconf 89' lang='lat' dir='ltr'>in</span> 
     </span>
     <span class='ocr_line' id='line_1_10' title="bbox 234 456 619 508; baseline 0 -12"><span class='ocrx_word' id='word_1_53' title='bbox 234 459 249 496; x_wconf 91' lang='lat' dir='ltr'>I</span> <span class='ocrx_word' id='word_1_54' title='bbox 274 462 365 497; x_wconf 85' lang='lat' dir='ltr'>Aen.</span> <span class='ocrx_word' id='word_1_55' title='bbox 395 456 528 508; x_wconf 81' lang='grc'>[106]</span> <span class='ocrx_word' id='word_1_56' title='bbox 573 460 619 497; x_wconf 80' lang='lat' dir='ltr'>D.</span> 
     </span>
    </p>

    <p class='ocr_par' dir='ltr' id='par_1_8' title="bbox 234 515 1579 628">
     <span class='ocr_line' id='line_1_11' title="bbox 325 515 1579 570; baseline 0.003 -16"><span class='ocrx_word' id='word_1_57' title='bbox 325 540 378 543; x_wconf 79' lang='lat'>—-</span> <span class='ocrx_word' id='word_1_58' title='bbox 406 517 447 568; x_wconf 89' lang='lat' dir='ltr'>V,</span> <span class='ocrx_word' id='word_1_59' title='bbox 474 515 511 569; x_wconf 83' lang='lat'>2,</span> <span class='ocrx_word' id='word_1_60' title='bbox 540 516 562 555; x_wconf 84' lang='lat'>7</span> <span class='ocrx_word' id='word_1_61' title='bbox 596 516 751 567; x_wconf 78' lang='lat' dir='ltr'>eccum]</span> <span class='ocrx_word' id='word_1_62' title='bbox 783 529 854 568; x_wconf 85' lang='lat' dir='ltr'>pro</span> <span class='ocrx_word' id='word_1_63' title='bbox 888 529 978 556; x_wconf 86' lang='lat' dir='ltr'>ecce</span> <span class='ocrx_word' id='word_1_64' title='bbox 1011 530 1112 569; x_wconf 84' lang='lat' dir='ltr'>eum,</span> <span class='ocrx_word' id='word_1_65' title='bbox 1145 519 1200 557; x_wconf 84' lang='lat' dir='ltr'>sic</span> <span class='ocrx_word' id='word_1_66' title='bbox 1231 518 1457 558; x_wconf 79' lang='lat' dir='ltr'>Priscianus</span> <span class='ocrx_word' id='word_1_67' title='bbox 1489 531 1579 570; x_wconf 87' lang='lat' dir='ltr'>pro-</span> 
     </span>
     <span class='ocr_line' id='line_1_12' title="bbox 234 573 611 628; baseline -0.003 -14"><span class='ocrx_word' id='word_1_68' title='bbox 234 576 300 614; x_wconf 80' lang='lat' dir='ltr'>hat</span> <span class='ocrx_word' id='word_1_69' title='bbox 333 576 378 628; x_wconf 87' lang='grc'>[1,</span> <span class='ocrx_word' id='word_1_70' title='bbox 404 573 519 626; x_wconf 79' lang='grc'>594]</span> <span class='ocrx_word' id='word_1_71' title='bbox 565 577 611 614; x_wconf 83' lang='grc' dir='ltr'>Ε.</span> 
     </span>
    </p>

    <p class='ocr_par' dir='ltr' id='par_1_9' title="bbox 234 634 1580 1037">
     <span class='ocr_line' id='line_1_13' title="bbox 325 634 1579 688; baseline 0.002 -15"><span class='ocrx_word' id='word_1_72' title='bbox 325 657 379 660; x_wconf 87' lang='grc'><strong>-</strong></span> <span class='ocrx_word' id='word_1_73' title='bbox 395 657 449 660; x_wconf 87' lang='grc'><strong>-</strong></span> <span class='ocrx_word' id='word_1_74' title='bbox 472 634 652 684; x_wconf 70' lang='lat' dir='ltr'>incusas]</span> <span class='ocrx_word' id='word_1_75' title='bbox 674 636 855 672; x_wconf 74' lang='lat' dir='ltr'>incusare</span> <span class='ocrx_word' id='word_1_76' title='bbox 876 640 935 672; x_wconf 91' lang='lat' dir='ltr'>est</span> <span class='ocrx_word' id='word_1_77' title='bbox 954 636 1113 685; x_wconf 79' lang='lat' dir='ltr'>proprie</span> <span class='ocrx_word' id='word_1_78' title='bbox 1136 636 1382 685; x_wconf 84' lang='lat' dir='ltr'>superiorem</span> <span class='ocrx_word' id='word_1_79' title='bbox 1403 648 1579 688; x_wconf 79' lang='lat' dir='ltr'>arguere,</span> 
     </span>
     <span class='ocr_line' id='line_1_14' title="bbox 234 692 1578 745; baseline 0.001 -14"><span class='ocrx_word' id='word_1_80' title='bbox 234 693 476 743; x_wconf 79' lang='lat' dir='ltr'>utVirgilius</span> <span class='ocrx_word' id='word_1_81' title='bbox 498 695 537 730; x_wconf 92' lang='lat' dir='ltr'>in</span> <span class='ocrx_word' id='word_1_82' title='bbox 552 693 567 731; x_wconf 95' lang='grc' dir='ltr'>Ι</span> <span class='ocrx_word' id='word_1_83' title='bbox 581 694 692 731; x_wconf 76' lang='lat' dir='ltr'>Aen:</span> <span class='ocrx_word' id='word_1_84' title='bbox 713 692 854 731; x_wconf 86' lang='lat' dir='ltr'>talibus</span> <span class='ocrx_word' id='word_1_85' title='bbox 878 694 1042 744; x_wconf 89' lang='lat' dir='ltr'>incusat,</span> <span class='ocrx_word' id='word_1_86' title='bbox 1063 705 1245 732; x_wconf 86' lang='lat' dir='ltr'>accusare</span> <span class='ocrx_word' id='word_1_87' title='bbox 1260 706 1350 733; x_wconf 68' lang='lat' dir='ltr'>vero</span> <span class='ocrx_word' id='word_1_88' title='bbox 1371 694 1431 733; x_wconf 76' lang='lat' dir='ltr'>vel</span> <span class='ocrx_word' id='word_1_89' title='bbox 1445 707 1578 745; x_wconf 86' lang='lat' dir='ltr'>parem</span> 
     </span>
     <span class='ocr_line' id='line_1_15' title="bbox 235 751 1578 805; baseline 0.001 -16"><span class='ocrx_word' id='word_1_90' title='bbox 235 751 295 790; x_wconf 71' lang='lat' dir='ltr'>vel</span> <span class='ocrx_word' id='word_1_91' title='bbox 315 752 555 803; x_wconf 83' lang='lat' dir='ltr'>inferiorem,</span> <span class='ocrx_word' id='word_1_92' title='bbox 575 757 618 790; x_wconf 88' lang='lat' dir='ltr'>ut</span> <span class='ocrx_word' id='word_1_93' title='bbox 639 753 838 802; x_wconf 86' lang='lat' dir='ltr'>superius:</span> <span class='ocrx_word' id='word_1_94' title='bbox 858 763 919 789; x_wconf 86' lang='lat' dir='ltr'>me</span> <span class='ocrx_word' id='word_1_95' title='bbox 934 753 1130 803; x_wconf 88' lang='lat' dir='ltr'>miseram,</span> <span class='ocrx_word' id='word_1_96' title='bbox 1151 764 1248 802; x_wconf 86' lang='lat' dir='ltr'>quae</span> <span class='ocrx_word' id='word_1_97' title='bbox 1263 765 1379 805; x_wconf 89' lang='lat' dir='ltr'>nunc,</span> <span class='ocrx_word' id='word_1_98' title='bbox 1400 766 1515 804; x_wconf 86' lang='lat' dir='ltr'>quam</span> <span class='ocrx_word' id='word_1_99' title='bbox 1530 753 1578 791; x_wconf 86' lang='lat' dir='ltr'>oh</span> 
     </span>
     <span class='ocr_line' id='line_1_16' title="bbox 234 810 1580 864; baseline 0.001 -15"><span class='ocrx_word' id='word_1_100' title='bbox 234 823 319 849; x_wconf 89' lang='lat' dir='ltr'>rem</span> <span class='ocrx_word' id='word_1_101' title='bbox 334 823 506 862; x_wconf 86' lang='lat' dir='ltr'>accuser,</span> <span class='ocrx_word' id='word_1_102' title='bbox 526 811 671 861; x_wconf 89' lang='lat' dir='ltr'>nescio,</span> <span class='ocrx_word' id='word_1_103' title='bbox 691 810 737 848; x_wconf 90' lang='lat' dir='ltr'>ad</span> <span class='ocrx_word' id='word_1_104' title='bbox 758 811 941 848; x_wconf 86' lang='lat' dir='ltr'>maritum</span> <span class='ocrx_word' id='word_1_105' title='bbox 955 823 1063 848; x_wconf 80' lang='lat' dir='ltr'>uxor.</span> <span class='ocrx_word' id='word_1_106' title='bbox 1092 817 1129 848; x_wconf 90' lang='lat' dir='ltr'>et</span> <span class='ocrx_word' id='word_1_107' title='bbox 1148 811 1220 849; x_wconf 86' lang='lat' dir='ltr'>hoc</span> <span class='ocrx_word' id='word_1_108' title='bbox 1241 813 1493 862; x_wconf 79' lang='lat' dir='ltr'>proprietatis</span> <span class='ocrx_word' id='word_1_109' title='bbox 1509 818 1580 864; x_wconf 85' lang='lat' dir='ltr'>est,</span> 
     </span>
     <span class='ocr_line' id='line_1_17' title="bbox 235 868 1579 920; baseline 0.001 -13"><span class='ocrx_word' id='word_1_110' title='bbox 235 881 330 908; x_wconf 90' lang='lat' dir='ltr'>usus</span> <span class='ocrx_word' id='word_1_111' title='bbox 362 868 455 907; x_wconf 84' lang='lat' dir='ltr'>licet</span> <span class='ocrx_word' id='word_1_112' title='bbox 485 869 579 907; x_wconf 86' lang='lat' dir='ltr'>haec</span> <span class='ocrx_word' id='word_1_113' title='bbox 612 868 710 907; x_wconf 86' lang='lat' dir='ltr'>male</span> <span class='ocrx_word' id='word_1_114' title='bbox 738 874 971 920; x_wconf 85' lang='lat' dir='ltr'>corrumpat.</span> <span class='ocrx_word' id='word_1_115' title='bbox 1017 870 1221 907; x_wconf 86' lang='lat' dir='ltr'>sciendum</span> <span class='ocrx_word' id='word_1_116' title='bbox 1249 875 1307 908; x_wconf 89' lang='lat' dir='ltr'>est</span> <span class='ocrx_word' id='word_1_117' title='bbox 1333 872 1450 908; x_wconf 86' lang='lat' dir='ltr'>etiam</span> <span class='ocrx_word' id='word_1_118' title='bbox 1475 871 1579 909; x_wconf 81' lang='grc'>1111116</span> 
     </span>
     <span class='ocr_line' id='line_1_18' title="bbox 234 927 1579 979; baseline 0.001 -14"><span class='ocrx_word' id='word_1_119' title='bbox 234 932 388 979; x_wconf 84' lang='lat' dir='ltr'>poetam</span> <span class='ocrx_word' id='word_1_120' title='bbox 421 927 602 965; x_wconf 84' lang='lat' dir='ltr'>omnibus</span> <span class='ocrx_word' id='word_1_121' title='bbox 635 929 795 965; x_wconf 86' lang='lat' dir='ltr'>comicis</span> <span class='ocrx_word' id='word_1_122' title='bbox 823 933 985 978; x_wconf 87' lang='lat' dir='ltr'>propter</span> <span class='ocrx_word' id='word_1_123' title='bbox 1011 930 1261 978; x_wconf 77' lang='lat' dir='ltr'>proprietatis</span> <span class='ocrx_word' id='word_1_124' title='bbox 1294 928 1579 968; x_wconf 75' lang='lat' dir='ltr'>observantiam</span> 
     </span>
     <span class='ocr_line' id='line_1_19' title="bbox 237 984 1386 1037; baseline 0.002 -13"><span class='ocrx_word' id='word_1_125' title='bbox 237 992 436 1037; x_wconf 88' lang='lat' dir='ltr'>praestare</span> <span class='ocrx_word' id='word_1_126' title='bbox 470 986 686 1025; x_wconf 86' lang='lat' dir='ltr'>secundum</span> <span class='ocrx_word' id='word_1_127' title='bbox 719 986 897 1024; x_wconf 70' lang='lat' dir='ltr'>Servium</span> <span class='ocrx_word' id='word_1_128' title='bbox 929 988 970 1024; x_wconf 90' lang='lat' dir='ltr'>in</span> <span class='ocrx_word' id='word_1_129' title='bbox 996 986 1012 1024; x_wconf 96' lang='lat' dir='ltr'>I</span> <span class='ocrx_word' id='word_1_130' title='bbox 1036 987 1129 1025; x_wconf 89' lang='lat' dir='ltr'>Aen.</span> <span class='ocrx_word' id='word_1_131' title='bbox 1159 984 1292 1036; x_wconf 89' lang='grc'>[410]</span> <span class='ocrx_word' id='word_1_132' title='bbox 1339 989 1386 1026; x_wconf 77' lang='lat' dir='ltr'>D.</span> 
     </span>
    </p>

    <p class='ocr_par' dir='ltr' id='par_1_10' title="bbox 237 1042 1581 1215">
     <span class='ocr_line' id='line_1_20' title="bbox 325 1042 1580 1098; baseline 0.002 -16"><span class='ocrx_word' id='word_1_133' title='bbox 325 1067 379 1071; x_wconf 91' lang='lat'><strong>—</strong></span> <span class='ocrx_word' id='word_1_134' title='bbox 407 1045 447 1096; x_wconf 88' lang='lat' dir='ltr'>V,</span> <span class='ocrx_word' id='word_1_135' title='bbox 474 1042 512 1097; x_wconf 74' lang='grc' dir='ltr'>ἶ),</span> <span class='ocrx_word' id='word_1_136' title='bbox 534 1044 586 1083; x_wconf 91' lang='grc'>21</span> <span class='ocrx_word' id='word_1_137' title='bbox 615 1044 857 1094; x_wconf 72' lang='lat' dir='ltr'>Archonidi]</span> <span class='ocrx_word' id='word_1_138' title='bbox 891 1046 1061 1084; x_wconf 80' lang='lat' dir='ltr'>dativum</span> <span class='ocrx_word' id='word_1_139' title='bbox 1093 1045 1257 1096; x_wconf 85' lang='lat' dir='ltr'>protulit</span> <span class='ocrx_word' id='word_1_140' title='bbox 1286 1058 1357 1096; x_wconf 91' lang='lat' dir='ltr'>pro</span> <span class='ocrx_word' id='word_1_141' title='bbox 1390 1047 1580 1098; x_wconf 68' lang='lat' dir='ltr'>genetivo,</span> 
     </span>
     <span class='ocr_line' id='line_1_21' title="bbox 237 1103 1581 1156; baseline 0.001 -14"><span class='ocrx_word' id='word_1_142' title='bbox 237 1104 339 1154; x_wconf 82' lang='lat' dir='ltr'>quod</span> <span class='ocrx_word' id='word_1_143' title='bbox 378 1104 550 1142; x_wconf 83' lang='lat' dir='ltr'>ostendit</span> <span class='ocrx_word' id='word_1_144' title='bbox 580 1103 804 1142; x_wconf 80' lang='lat' dir='ltr'>Priscianus</span> <span class='ocrx_word' id='word_1_145' title='bbox 843 1106 883 1142; x_wconf 91' lang='lat' dir='ltr'>in</span> <span class='ocrx_word' id='word_1_146' title='bbox 921 1103 1021 1142; x_wconf 85' lang='lat' dir='ltr'>libro</span> <span class='ocrx_word' id='word_1_147' title='bbox 1054 1104 1104 1142; x_wconf 96' lang='grc' dir='ltr'>ΙΙΙ</span> <span class='ocrx_word' id='word_1_148' title='bbox 1136 1106 1325 1156; x_wconf 88' lang='lat' dir='ltr'>nominis,</span> <span class='ocrx_word' id='word_1_149' title='bbox 1362 1104 1431 1143; x_wconf 87' lang='lat' dir='ltr'>uhi</span> <span class='ocrx_word' id='word_1_150' title='bbox 1469 1105 1581 1143; x_wconf 86' lang='lat' dir='ltr'>docet</span> 
     </span>
     <span class='ocr_line' id='line_1_22' title="bbox 237 1161 1433 1215; baseline 0.003 -15"><span class='ocrx_word' id='word_1_151' title='bbox 237 1163 283 1201; x_wconf 89' lang='lat' dir='ltr'>de</span> <span class='ocrx_word' id='word_1_152' title='bbox 316 1164 553 1201; x_wconf 70' lang='lat' dir='ltr'>nominativo</span> <span class='ocrx_word' id='word_1_153' title='bbox 588 1168 626 1201; x_wconf 88' lang='lat' dir='ltr'>et</span> <span class='ocrx_word' id='word_1_154' title='bbox 657 1164 835 1213; x_wconf 71' lang='lat' dir='ltr'>genetivo</span> <span class='ocrx_word' id='word_1_155' title='bbox 870 1162 915 1215; x_wconf 89' lang='grc'>[1,</span> <span class='ocrx_word' id='word_1_156' title='bbox 943 1161 1057 1212; x_wconf 73' lang='grc'>247]</span> <span class='ocrx_word' id='word_1_157' title='bbox 1103 1164 1142 1201; x_wconf 84' lang='grc' dir='ltr'><em>Ε</em></span> <span class='ocrx_word' id='word_1_158' title='bbox 1171 1166 1293 1209; x_wconf 79' lang='lat' dir='ltr'>(man.</span> <span class='ocrx_word' id='word_1_159' title='bbox 1320 1165 1433 1210; x_wconf 69' lang='lat' dir='ltr'>rec).</span> 
     </span>
    </p>
   </div>
   <div class='ocr_carea' id='block_1_7' title="bbox 648 1318 1167 1355">
    <p class='ocr_par' dir='ltr' id='par_1_11' title="bbox 648 1318 1167 1355">
     <span class='ocr_line' id='line_1_23' title="bbox 648 1318 1167 1355; baseline 0.004 -2"><span class='ocrx_word' id='word_1_160' title='bbox 648 1319 690 1355; x_wconf 86' lang='lat'>4.</span> <span class='ocrx_word' id='word_1_161' title='bbox 733 1319 806 1354; x_wconf 90' lang='lat' dir='ltr'>Ad</span> <span class='ocrx_word' id='word_1_162' title='bbox 837 1318 1167 1355; x_wconf 86' lang='lat' dir='ltr'>Phormionem.</span> 
     </span>
    </p>
   </div>
   <div class='ocr_carea' id='block_1_8' title="bbox 236 1407 1582 2224">
    <p class='ocr_par' dir='ltr' id='par_1_12' title="bbox 236 1407 1580 1519">
     <span class='ocr_line' id='line_1_24' title="bbox 324 1407 1580 1461; baseline 0 -14"><span class='ocrx_word' id='word_1_163' title='bbox 324 1409 477 1447; x_wconf 86' lang='lat' dir='ltr'>Phorm.</span> <span class='ocrx_word' id='word_1_164' title='bbox 498 1409 526 1461; x_wconf 94' lang='lat' dir='ltr'>I,</span> <span class='ocrx_word' id='word_1_165' title='bbox 547 1407 584 1460; x_wconf 89' lang='grc'>2,</span> <span class='ocrx_word' id='word_1_166' title='bbox 606 1407 660 1448; x_wconf 78' lang='grc'>38</span> <span class='ocrx_word' id='word_1_167' title='bbox 686 1408 970 1458; x_wconf 71' lang='lat' dir='ltr'>exadversum]</span> <span class='ocrx_word' id='word_1_168' title='bbox 1000 1414 1170 1459; x_wconf 86' lang='lat' dir='ltr'>econtra,</span> <span class='ocrx_word' id='word_1_169' title='bbox 1198 1414 1236 1446; x_wconf 81' lang='lat' dir='ltr'>et</span> <span class='ocrx_word' id='word_1_170' title='bbox 1260 1414 1320 1446; x_wconf 86' lang='lat' dir='ltr'>est</span> <span class='ocrx_word' id='word_1_171' title='bbox 1343 1408 1580 1448; x_wconf 84' lang='lat' dir='ltr'>adverbium.</span> 
     </span>
     <span class='ocr_line' id='line_1_25' title="bbox 236 1466 1292 1519; baseline 0.001 -15"><span class='ocrx_word' id='word_1_172' title='bbox 236 1469 349 1507; x_wconf 86' lang='lat' dir='ltr'>docet</span> <span class='ocrx_word' id='word_1_173' title='bbox 379 1467 603 1506; x_wconf 78' lang='lat' dir='ltr'>Priscianus</span> <span class='ocrx_word' id='word_1_174' title='bbox 636 1469 676 1505; x_wconf 91' lang='lat' dir='ltr'>in</span> <span class='ocrx_word' id='word_1_175' title='bbox 707 1468 998 1517; x_wconf 82' lang='lat' dir='ltr'>praepositione</span> <span class='ocrx_word' id='word_1_176' title='bbox 1032 1467 1094 1519; x_wconf 91' lang='grc' dir='ltr'>[ΙΙ,</span> <span class='ocrx_word' id='word_1_177' title='bbox 1115 1466 1200 1517; x_wconf 85' lang='grc'>26]</span> <span class='ocrx_word' id='word_1_178' title='bbox 1246 1468 1292 1505; x_wconf 91' lang='lat' dir='ltr'>E.</span> 
     </span>
    </p>

    <p class='ocr_par' dir='ltr' id='par_1_13' title="bbox 236 1524 1582 1696">
     <span class='ocr_line' id='line_1_26' title="bbox 324 1524 1582 1578; baseline -0.001 -13"><span class='ocrx_word' id='word_1_179' title='bbox 324 1549 379 1553; x_wconf 96' lang='lat'><strong>—</strong></span> <span class='ocrx_word' id='word_1_180' title='bbox 400 1526 427 1578; x_wconf 89' lang='lat' dir='ltr'>I,</span> <span class='ocrx_word' id='word_1_181' title='bbox 449 1525 487 1578; x_wconf 88' lang='grc'>2,</span> <span class='ocrx_word' id='word_1_182' title='bbox 505 1524 561 1565; x_wconf 78' lang='grc'>48</span> <span class='ocrx_word' id='word_1_183' title='bbox 584 1525 722 1575; x_wconf 69' lang='lat' dir='ltr'>extra]</span> <span class='ocrx_word' id='word_1_184' title='bbox 744 1530 803 1564; x_wconf 84' lang='lat' dir='ltr'>est.</span> <span class='ocrx_word' id='word_1_185' title='bbox 822 1527 1074 1578; x_wconf 86' lang='lat' dir='ltr'>praepositiO,</span> <span class='ocrx_word' id='word_1_186' title='bbox 1100 1532 1143 1564; x_wconf 89' lang='lat' dir='ltr'>ut</span> <span class='ocrx_word' id='word_1_187' title='bbox 1157 1526 1323 1564; x_wconf 79' lang='lat' dir='ltr'>affirmat</span> <span class='ocrx_word' id='word_1_188' title='bbox 1343 1527 1384 1564; x_wconf 91' lang='lat' dir='ltr'>in</span> <span class='ocrx_word' id='word_1_189' title='bbox 1398 1525 1497 1574; x_wconf 76' lang='lat' dir='ltr'>libro</span> <span class='ocrx_word' id='word_1_190' title='bbox 1511 1526 1582 1564; x_wconf 85' lang='lat' dir='ltr'>XII</span> 
     </span>
     <span class='ocr_line' id='line_1_27' title="bbox 236 1584 1581 1636; baseline 0 -13"><span class='ocrx_word' id='word_1_191' title='bbox 236 1586 282 1624; x_wconf 91' lang='lat' dir='ltr'>de</span> <span class='ocrx_word' id='word_1_192' title='bbox 315 1587 606 1636; x_wconf 84' lang='lat' dir='ltr'>praepositione</span> <span class='ocrx_word' id='word_1_193' title='bbox 638 1584 873 1623; x_wconf 84' lang='lat' dir='ltr'>Priscianus.</span> <span class='ocrx_word' id='word_1_194' title='bbox 914 1597 958 1623; x_wconf 80' lang='lat' dir='ltr'>ex</span> <span class='ocrx_word' id='word_1_195' title='bbox 994 1597 1038 1623; x_wconf 91' lang='lat' dir='ltr'>eo</span> <span class='ocrx_word' id='word_1_196' title='bbox 1071 1585 1269 1623; x_wconf 71' lang='lat' dir='ltr'>derivatur</span> <span class='ocrx_word' id='word_1_197' title='bbox 1301 1589 1510 1623; x_wconf 81' lang='lat' dir='ltr'>extraneus</span> <span class='ocrx_word' id='word_1_198' title='bbox 1542 1590 1581 1623; x_wconf 86' lang='lat' dir='ltr'>et</span> 
     </span>
     <span class='ocr_line' id='line_1_28' title="bbox 236 1641 1102 1696; baseline -0.001 -14"><span class='ocrx_word' id='word_1_199' title='bbox 236 1650 435 1696; x_wconf 81' lang='lat' dir='ltr'>externus,</span> <span class='ocrx_word' id='word_1_200' title='bbox 466 1649 505 1682; x_wconf 87' lang='lat' dir='ltr'>et</span> <span class='ocrx_word' id='word_1_201' title='bbox 536 1644 582 1682; x_wconf 84' lang='lat' dir='ltr'>ab</span> <span class='ocrx_word' id='word_1_202' title='bbox 616 1656 662 1681; x_wconf 82' lang='lat' dir='ltr'>ex</span> <span class='ocrx_word' id='word_1_203' title='bbox 695 1649 803 1682; x_wconf 78' lang='lat' dir='ltr'>extra</span> <span class='ocrx_word' id='word_1_204' title='bbox 837 1643 899 1695; x_wconf 94' lang='grc' dir='ltr'>[ΙΙ,</span> <span class='ocrx_word' id='word_1_205' title='bbox 924 1641 1012 1693; x_wconf 87' lang='grc'>42].</span> <span class='ocrx_word' id='word_1_206' title='bbox 1057 1645 1102 1681; x_wconf 89' lang='lat' dir='ltr'>E.</span> 
     </span>
    </p>

    <p class='ocr_par' dir='ltr' id='par_1_14' title="bbox 236 1700 1582 2106">
     <span class='ocr_line' id='line_1_29' title="bbox 325 1700 1580 1754; baseline -0.001 -14"><span class='ocrx_word' id='word_1_207' title='bbox 325 1725 379 1729; x_wconf 86' lang='lat'>—</span> <span class='ocrx_word' id='word_1_208' title='bbox 395 1703 422 1754; x_wconf 95' lang='grc' dir='ltr'>Ι,</span> <span class='ocrx_word' id='word_1_209' title='bbox 438 1701 475 1754; x_wconf 84' lang='grc'>3,</span> <span class='ocrx_word' id='word_1_210' title='bbox 491 1701 516 1740; x_wconf 91' lang='grc'>2</span> <span class='ocrx_word' id='word_1_211' title='bbox 538 1702 718 1752; x_wconf 70' lang='lat' dir='ltr'>adventi]</span> <span class='ocrx_word' id='word_1_212' title='bbox 738 1715 810 1752; x_wconf 85' lang='lat' dir='ltr'>pro</span> <span class='ocrx_word' id='word_1_213' title='bbox 831 1702 1019 1740; x_wconf 78' lang='lat' dir='ltr'>adventus</span> <span class='ocrx_word' id='word_1_214' title='bbox 1033 1701 1241 1752; x_wconf 82' lang='lat' dir='ltr'>legendum</span> <span class='ocrx_word' id='word_1_215' title='bbox 1255 1713 1342 1740; x_wconf 90' lang='lat' dir='ltr'>esse</span> <span class='ocrx_word' id='word_1_216' title='bbox 1356 1700 1580 1740; x_wconf 86' lang='lat' dir='ltr'>Priscianus</span> 
     </span>
     <span class='ocr_line' id='line_1_30' title="bbox 237 1759 1581 1812; baseline -0.001 -12"><span class='ocrx_word' id='word_1_217' title='bbox 237 1761 408 1800; x_wconf 87' lang='lat' dir='ltr'>ostendit</span> <span class='ocrx_word' id='word_1_218' title='bbox 434 1763 473 1799; x_wconf 90' lang='lat' dir='ltr'>in</span> <span class='ocrx_word' id='word_1_219' title='bbox 494 1761 528 1798; x_wconf 96' lang='lat' dir='ltr'>II</span> <span class='ocrx_word' id='word_1_220' title='bbox 547 1761 647 1799; x_wconf 88' lang='lat' dir='ltr'>libro</span> <span class='ocrx_word' id='word_1_221' title='bbox 674 1762 845 1798; x_wconf 91' lang='lat' dir='ltr'>nominis</span> <span class='ocrx_word' id='word_1_222' title='bbox 867 1760 911 1812; x_wconf 91' lang='grc' dir='ltr'>[Ι,</span> <span class='ocrx_word' id='word_1_223' title='bbox 926 1759 1042 1812; x_wconf 60' lang='grc'>258]</span> <span class='ocrx_word' id='word_1_224' title='bbox 1063 1772 1107 1798; x_wconf 88' lang='lat' dir='ltr'>eo</span> <span class='ocrx_word' id='word_1_225' title='bbox 1136 1760 1238 1811; x_wconf 87' lang='lat' dir='ltr'>quod</span> <span class='ocrx_word' id='word_1_226' title='bbox 1258 1761 1331 1798; x_wconf 89' lang='lat' dir='ltr'>iste</span> <span class='ocrx_word' id='word_1_227' title='bbox 1351 1759 1581 1810; x_wconf 85' lang='lat' dir='ltr'>protulisset</span> 
     </span>
     <span class='ocr_line' id='line_1_31' title="bbox 237 1818 1580 1870; baseline -0.001 -12"><span class='ocrx_word' id='word_1_228' title='bbox 237 1821 451 1870; x_wconf 85' lang='lat' dir='ltr'>antiquitus</span> <span class='ocrx_word' id='word_1_229' title='bbox 470 1820 544 1858; x_wconf 86' lang='lat' dir='ltr'>hoc</span> <span class='ocrx_word' id='word_1_230' title='bbox 565 1819 759 1858; x_wconf 85' lang='lat' dir='ltr'>secundae</span> <span class='ocrx_word' id='word_1_231' title='bbox 780 1819 1051 1857; x_wconf 87' lang='lat' dir='ltr'>declinationis</span> <span class='ocrx_word' id='word_1_232' title='bbox 1069 1819 1276 1857; x_wconf 80' lang='lat' dir='ltr'>adventum</span> <span class='ocrx_word' id='word_1_233' title='bbox 1289 1818 1456 1870; x_wconf 77' lang='lat' dir='ltr'>adventi,</span> <span class='ocrx_word' id='word_1_234' title='bbox 1476 1824 1519 1857; x_wconf 88' lang='lat' dir='ltr'>ut</span> <span class='ocrx_word' id='word_1_235' title='bbox 1539 1820 1580 1856; x_wconf 91' lang='lat' dir='ltr'>in</span> 
     </span>
     <span class='ocr_line' id='line_1_32' title="bbox 236 1877 1581 1930; baseline -0.001 -13"><span class='ocrx_word' id='word_1_236' title='bbox 236 1879 397 1917; x_wconf 87' lang='lat' dir='ltr'>Andria:</span> <span class='ocrx_word' id='word_1_237' title='bbox 429 1878 528 1916; x_wconf 88' lang='lat' dir='ltr'>nihil</span> <span class='ocrx_word' id='word_1_238' title='bbox 559 1879 702 1930; x_wconf 83' lang='lat' dir='ltr'>ornati,</span> <span class='ocrx_word' id='word_1_239' title='bbox 734 1878 833 1916; x_wconf 90' lang='lat' dir='ltr'>nihil</span> <span class='ocrx_word' id='word_1_240' title='bbox 864 1877 1038 1930; x_wconf 86' lang='lat' dir='ltr'>tumulti,</span> <span class='ocrx_word' id='word_1_241' title='bbox 1070 1882 1108 1916; x_wconf 89' lang='lat' dir='ltr'>et</span> <span class='ocrx_word' id='word_1_242' title='bbox 1140 1879 1180 1915; x_wconf 93' lang='lat' dir='ltr'>in</span> <span class='ocrx_word' id='word_1_243' title='bbox 1211 1877 1413 1928; x_wconf 76' lang='lat' dir='ltr'>Adelphis:</span> <span class='ocrx_word' id='word_1_244' title='bbox 1447 1882 1581 1915; x_wconf 77' lang='lat' dir='ltr'>exacta</span> 
     </span>
     <span class='ocr_line' id='line_1_33' title="bbox 237 1937 1579 1989; baseline -0.001 -13"><span class='ocrx_word' id='word_1_245' title='bbox 237 1944 361 1976; x_wconf 88' lang='lat' dir='ltr'>aetate</span> <span class='ocrx_word' id='word_1_246' title='bbox 394 1938 465 1976; x_wconf 83' lang='lat' dir='ltr'>hoc</span> <span class='ocrx_word' id='word_1_247' title='bbox 493 1938 622 1989; x_wconf 80' lang='lat' dir='ltr'>fructi,</span> <span class='ocrx_word' id='word_1_248' title='bbox 655 1942 692 1975; x_wconf 84' lang='lat' dir='ltr'>et</span> <span class='ocrx_word' id='word_1_249' title='bbox 718 1939 758 1975; x_wconf 91' lang='lat' dir='ltr'>in</span> <span class='ocrx_word' id='word_1_250' title='bbox 784 1937 951 1988; x_wconf 63' lang='lat' dir='ltr'>Hecyra:</span> <span class='ocrx_word' id='word_1_251' title='bbox 983 1938 1156 1974; x_wconf 87' lang='lat' dir='ltr'>animum</span> <span class='ocrx_word' id='word_1_252' title='bbox 1182 1938 1334 1987; x_wconf 87' lang='lat' dir='ltr'>quaesti</span> <span class='ocrx_word' id='word_1_253' title='bbox 1360 1937 1483 1986; x_wconf 84' lang='lat' dir='ltr'>gratia</span> <span class='ocrx_word' id='word_1_254' title='bbox 1507 1947 1579 1986; x_wconf 91' lang='lat' dir='ltr'>pro</span> 
     </span>
     <span class='ocr_line' id='line_1_34' title="bbox 238 1995 1582 2047; baseline -0.001 -13"><span class='ocrx_word' id='word_1_255' title='bbox 238 2002 432 2047; x_wconf 85' lang='lat' dir='ltr'>quaestus.</span> <span class='ocrx_word' id='word_1_256' title='bbox 465 1998 626 2047; x_wconf 86' lang='lat' dir='ltr'>ponitur</span> <span class='ocrx_word' id='word_1_257' title='bbox 645 2001 775 2034; x_wconf 85' lang='lat' dir='ltr'>autem</span> <span class='ocrx_word' id='word_1_258' title='bbox 798 1996 870 2034; x_wconf 83' lang='lat' dir='ltr'>hoc</span> <span class='ocrx_word' id='word_1_259' title='bbox 895 1995 977 2034; x_wconf 91' lang='lat' dir='ltr'>loco</span> <span class='ocrx_word' id='word_1_260' title='bbox 1001 2007 1072 2046; x_wconf 91' lang='lat' dir='ltr'>pro</span> <span class='ocrx_word' id='word_1_261' title='bbox 1092 1996 1332 2033; x_wconf 86' lang='lat' dir='ltr'>nominativo</span> <span class='ocrx_word' id='word_1_262' title='bbox 1353 2006 1458 2046; x_wconf 77' lang='lat' dir='ltr'>casu,</span> <span class='ocrx_word' id='word_1_263' title='bbox 1479 1995 1582 2032; x_wconf 83' lang='lat' dir='ltr'>sicut</span> 
     </span>
     <span class='ocr_line' id='line_1_35' title="bbox 238 2051 1581 2106; baseline -0.001 -13"><span class='ocrx_word' id='word_1_264' title='bbox 238 2055 341 2094; x_wconf 85' lang='lat' dir='ltr'>idern</span> <span class='ocrx_word' id='word_1_265' title='bbox 374 2055 487 2093; x_wconf 91' lang='lat' dir='ltr'>docet</span> <span class='ocrx_word' id='word_1_266' title='bbox 520 2056 561 2093; x_wconf 94' lang='lat' dir='ltr'>in</span> <span class='ocrx_word' id='word_1_267' title='bbox 592 2056 718 2106; x_wconf 87' lang='lat' dir='ltr'>primo</span> <span class='ocrx_word' id='word_1_268' title='bbox 751 2054 852 2092; x_wconf 88' lang='lat' dir='ltr'>libro</span> <span class='ocrx_word' id='word_1_269' title='bbox 884 2055 931 2092; x_wconf 87' lang='lat' dir='ltr'>de</span> <span class='ocrx_word' id='word_1_270' title='bbox 961 2055 1251 2092; x_wconf 84' lang='lat' dir='ltr'>constructione</span> <span class='ocrx_word' id='word_1_271' title='bbox 1285 2052 1347 2105; x_wconf 94' lang='grc' dir='ltr'>[ΙΙ,</span> <span class='ocrx_word' id='word_1_272' title='bbox 1375 2051 1489 2102; x_wconf 86' lang='grc'>188]</span> <span class='ocrx_word' id='word_1_273' title='bbox 1534 2053 1581 2092; x_wconf 89' lang='grc' dir='ltr'>Ε.</span> 
     </span>
    </p>

    <p class='ocr_par' dir='ltr' id='par_1_15' title="bbox 238 2111 1580 2224">
     <span class='ocr_line' id='line_1_36' title="bbox 326 2111 1579 2166; baseline -0.003 -13"><span class='ocrx_word' id='word_1_274' title='bbox 326 2136 380 2140; x_wconf 91' lang='lat'><strong>—</strong></span> <span class='ocrx_word' id='word_1_275' title='bbox 413 2114 440 2166; x_wconf 90' lang='grc' dir='ltr'>Ι,</span> <span class='ocrx_word' id='word_1_276' title='bbox 466 2111 506 2166; x_wconf 87' lang='grc'>4,</span> <span class='ocrx_word' id='word_1_277' title='bbox 531 2111 587 2152; x_wconf 87' lang='grc'>42</span> <span class='ocrx_word' id='word_1_278' title='bbox 621 2113 798 2163; x_wconf 76' lang='lat' dir='ltr'>plectar]</span> <span class='ocrx_word' id='word_1_279' title='bbox 841 2114 1049 2165; x_wconf 77' lang='lat' dir='ltr'>passivum,</span> <span class='ocrx_word' id='word_1_280' title='bbox 1089 2125 1168 2151; x_wconf 93' lang='lat' dir='ltr'>non</span> <span class='ocrx_word' id='word_1_281' title='bbox 1208 2112 1426 2163; x_wconf 82' lang='lat' dir='ltr'>deponens,</span> <span class='ocrx_word' id='word_1_282' title='bbox 1468 2112 1579 2149; x_wconf 86' lang='lat' dir='ltr'>cuius</span> 
     </span>
     <span class='ocr_line' id='line_1_37' title="bbox 238 2171 1580 2224; baseline -0.003 -13"><span class='ocrx_word' id='word_1_283' title='bbox 238 2174 405 2211; x_wconf 78' lang='lat' dir='ltr'>activum</span> <span class='ocrx_word' id='word_1_284' title='bbox 437 2172 575 2224; x_wconf 83' lang='lat' dir='ltr'>plectO.</span> <span class='ocrx_word' id='word_1_285' title='bbox 610 2173 677 2211; x_wconf 88' lang='lat' dir='ltr'>sed</span> <span class='ocrx_word' id='word_1_286' title='bbox 711 2172 757 2211; x_wconf 87' lang='lat' dir='ltr'>ab</span> <span class='ocrx_word' id='word_1_287' title='bbox 791 2184 835 2210; x_wconf 90' lang='lat' dir='ltr'>eo</span> <span class='ocrx_word' id='word_1_288' title='bbox 863 2173 1077 2223; x_wconf 84' lang='lat' dir='ltr'>composita</span> <span class='ocrx_word' id='word_1_289' title='bbox 1102 2177 1180 2210; x_wconf 86' lang='lat' dir='ltr'>tam</span> <span class='ocrx_word' id='word_1_290' title='bbox 1207 2171 1443 2222; x_wconf 82' lang='lat' dir='ltr'>deponentia</span> <span class='ocrx_word' id='word_1_291' title='bbox 1465 2181 1580 2220; x_wconf 87' lang='lat' dir='ltr'>quam</span> 
     </span>
    </p>
   </div>
   <div class='ocr_carea' id='block_1_9' title="bbox 238 2293 1580 2389">
    <p class='ocr_par' dir='ltr' id='par_1_16' title="bbox 238 2293 1580 2389">
     <span class='ocr_line' id='line_1_38' title="bbox 336 2293 1580 2342; baseline -0.004 -10"><span class='ocrx_word' id='word_1_292' title='bbox 336 2302 378 2332; x_wconf 86' lang='lat'>13</span> <span class='ocrx_word' id='word_1_293' title='bbox 398 2299 549 2342; x_wconf 73' lang='lat' dir='ltr'>propter</span> <span class='ocrx_word' id='word_1_294' title='bbox 568 2308 633 2332; x_wconf 79' lang='lat' dir='ltr'>om.</span> <span class='ocrx_word' id='word_1_295' title='bbox 685 2300 728 2332; x_wconf 80' lang='lat'>22</span> <span class='ocrx_word' id='word_1_296' title='bbox 749 2302 832 2342; x_wconf 72' lang='lat' dir='ltr'>post</span> <span class='ocrx_word' id='word_1_297' title='bbox 851 2296 1062 2332; x_wconf 82' lang='lat' dir='ltr'>Priscianus</span> <span class='ocrx_word' id='word_1_298' title='bbox 1082 2298 1322 2342; x_wconf 68' lang='lat' dir='ltr'>irrepserunt:</span> <span class='ocrx_word' id='word_1_299' title='bbox 1348 2293 1580 2338; x_wconf 76' lang='lat' dir='ltr'>antiquarius</span> 
     </span>
     <span class='ocr_line' id='line_1_39' title="bbox 238 2341 1580 2389; baseline -0.003 -10"><span class='ocrx_word' id='word_1_300' title='bbox 238 2345 279 2379; x_wconf 84' lang='lat' dir='ltr'>id</span> <span class='ocrx_word' id='word_1_301' title='bbox 305 2347 361 2380; x_wconf 81' lang='lat' dir='ltr'>est</span> <span class='ocrx_word' id='word_1_302' title='bbox 387 2345 624 2389; x_wconf 77' lang='lat' dir='ltr'>antiquarum</span> <span class='ocrx_word' id='word_1_303' title='bbox 650 2343 791 2389; x_wconf 78' lang='lat' dir='ltr'>peritus</span> <span class='ocrx_word' id='word_1_304' title='bbox 816 2354 947 2380; x_wconf 83' lang='lat' dir='ltr'>rerum.</span> <span class='ocrx_word' id='word_1_305' title='bbox 1017 2348 1060 2380; x_wconf 85' lang='lat'>32</span> <span class='ocrx_word' id='word_1_306' title='bbox 1087 2346 1166 2379; x_wconf 76' lang='lat' dir='ltr'>tam</span> <span class='ocrx_word' id='word_1_307' title='bbox 1192 2341 1417 2388; x_wconf 80' lang='lat' dir='ltr'>deponentia</span> <span class='ocrx_word' id='word_1_308' title='bbox 1442 2352 1506 2377; x_wconf 81' lang='lat' dir='ltr'>om.</span> <span class='ocrx_word' id='word_1_309' title='bbox 1537 2341 1580 2376; x_wconf 78' lang='lat' dir='ltr'>G.</span> 
     </span>
    </p>
   </div>
  </div>
 </body>
</html>
