1681 2576
436 95 874 130 Heautontimorumenos
899 93 943 137 Π,
965 97 984 127 2
996 114 1036 118 —
1046 94 1090 137 H,
1111 97 1142 128 3.
1376 93 1398 133 1
1406 94 1426 133 1
1437 94 1459 134 7

119 206 166 244 de
196 207 407 257 improviso
435 208 700 245 interventum
729 210 805 256 est,
844 204 1079 242 offendimus
1111 205 1236 254 ipsam
1262 209 1461 242 texentem

116 265 233 303 telam
272 266 463 317 studiose,
500 266 752 304 mediocriter
783 265 963 301 vestitam
998 268 1104 301 veste
1143 262 1311 313 lugubri.
1369 263 1460 301 hinc

110 326 210 363 sciri
240 326 386 377 potuit,
423 338 443 363 0
477 324 619 375 Clinia,
652 335 728 374 quo
762 322 890 361 studio
924 323 1099 373 exegerit
1130 323 1248 360 vitam
1281 334 1391 360 suam
1422 328 1459 360 te

116 383 293 435 absente,
333 384 435 422 haud
473 394 666 434 nusquam
698 381 801 420 alibi.
863 393 953 419 nam
993 393 1037 419 ea
1071 393 1135 419 res
1169 381 1277 419 dedit
1309 383 1460 432 copiam

115 443 365 481 existimandi
397 442 720 481 consuetudinem
752 440 969 479 cotidianae
1001 441 1119 491 vitae,
1159 452 1256 491 quae
1289 440 1460 479 declarat
1511 447 1530 478 5

115 503 280 540 maxime
314 503 515 552 ingenium
541 502 744 551 cuiusque,
775 504 818 538 ut
847 501 898 538 sit
923 501 1007 537 eius
1041 501 1193 538 animus
1227 504 1265 538 et
1296 499 1458 551 reliqua.

113 560 212 598 ΠΜ.
257 558 315 599 40
336 563 385 599 de
405 559 632 609 improviso]
656 559 795 597 subito.
839 556 896 598 45
917 558 1104 608 luqubrt]
1132 558 1321 610 luctuosa,
1342 560 1460 610 tristi,

113 619 280 657 sordida.
341 616 398 658 46
432 618 566 669 anuis]
607 620 764 669 antique
796 630 867 669 pro
900 630 996 656 anus
1034 618 1071 655 C.
1134 615 1190 657 48
1224 617 1457 667 escpolttam]

110 677 307 716 maxillam
332 677 438 716 illius
464 679 639 730 tinctam,
670 677 942 716 decoloratam.
998 676 1206 726 muliebri]
1235 676 1342 714 nullo
1370 677 1457 715 fuco

110 748 183 775 nec
203 738 373 775 tinctura
396 736 590 775 muliebri.
635 734 691 775 49
714 735 876 786 passas]
899 748 1104 786 expansus.
1152 735 1357 785 prolixus]
1379 748 1458 774 non
1487 743 1528 774 10

110 795 250 846 ligatus
276 797 416 834 mitris.
474 794 531 835 50
556 795 659 846 pax]
694 796 732 833 id
760 801 819 833 est
850 795 1131 845 tantummodo,
1163 794 1262 832 nihil
1291 794 1457 846 amplius

111 860 149 892 et
174 855 247 893 hoc
274 859 380 893 recte
396 855 450 893 M.
493 868 567 906 pax
594 856 814 894 interiectio
836 854 897 893 vel
923 854 1150 892 adverbium
1177 859 1238 892 est
1263 855 1457 892 comicum

109 915 267 964 proprie
310 914 534 964 significans
575 914 675 952 bene
714 913 775 952 vel
816 918 966 952 tantum
1006 913 1139 963 modo,
1184 925 1258 963 qua
1300 925 1454 952 cessare

108 974 372 1023 praecipimus
402 974 583 1012 DCEM.
641 971 695 1012 52
728 974 931 1012 subtemen
961 971 1097 1021 nebat]
1132 972 1170 1009 id
1203 977 1263 1010 est
1295 971 1357 1010 fila
1389 972 1454 1010 de—

108 1030 291 1083 ducebat,
323 1032 470 1084 filabat,
504 1032 606 1083 quod
638 1034 680 1070 in
711 1036 861 1070 textum
892 1033 1084 1083 mitteret,
1116 1031 1155 1068 id
1189 1035 1248 1069 est
1279 1036 1455 1083 tramam,
1485 1037 1525 1068 15

108 1088 305 1142 panuclas‚
339 1103 433 1141 quas
468 1091 603 1130 dicunt
635 1104 693 1143 eo7
726 1091 828 1141 quod
855 1103 875 1129 a
901 1092 1057 1141 pectine
1091 1089 1226 1128 subter
1259 1090 1454 1142 caedatur,

108 1148 331 1201 subtemen,
373 1152 485 1199 quasi
523 1150 595 1189 sub
637 1152 814 1188 stamine.
878 1155 1029 1187 stamen
1070 1154 1200 1187 autem
1241 1161 1261 1187 a
1303 1150 1452 1188 stando.

105 1208 212 1258 ΒΜ,
251 1211 291 1247 in
323 1210 398 1247 ΟΕ
431 1211 534 1248 llaec
567 1215 739 1248 tantum:
773 1209 979 1248 subtemen
1012 1231 1066 1234 —
1100 1208 1237 1246 stando
1270 1208 1321 1257 cf.
1355 1210 1451 1248 Isz'd.

105 1267 224 1316 XIX,
255 1268 323 1315 29,
354 1269 390 1306 7.
459 1265 515 1307 56
553 1268 821 1318 sordidatam]
862 1267 1005 1306 inluvie
1040 1268 1084 1306 E.
1146 1266 1371 1317 sordidam]
1412 1269 1452 1306 in

106 1338 269 1377 corpore
294 1328 338 1365 E.
395 1325 449 1366 57
478 1327 659 1377 noxiam]
688 1327 851 1379 culpam.
909 1324 964 1366 58
992 1325 1253 1375 internuntii]
1287 1326 1451 1379 puellae,
1478 1334 1522 1364 20

105 1397 202 1434 quae
230 1391 434 1436 apparatae
461 1388 670 1424 mittuntur
697 1387 743 1425 ad
770 1391 963 1425 amatores
990 1386 1246 1424 dominarum.
1296 1383 1352 1425 60
1379 1389 1449 1425 ad-

65 1493 67 1495 .
100 1443 275 1494 sectant]
302 1450 546 1495 praeparant.
601 1444 656 1485 69
685 1448 753 1484 illa
780 1445 928 1494 altera]
955 1445 1029 1483 hoc
1056 1446 1229 1495 respicit,
1255 1445 1358 1495 quod
1386 1457 1449 1484 su-

103 1504 238 1553 perius
271 1503 368 1542 dixit
400 1504 539 1554 Syrus:
578 1506 660 1555 ipsa
695 1505 890 1556 Antiphila
926 1506 967 1542 in
1006 1506 1147 1542 itinere
1179 1503 1323 1542 alterae
1356 1504 1449 1543 dum

103 1567 252 1614 narrat,
291 1563 389 1600 sorte
426 1563 566 1601 audivi.
637 1561 692 1602 74
724 1567 763 1603 in
796 1576 883 1602 mea
916 1563 1015 1611 vital
1056 1565 1096 1601 in
1134 1562 1310 1613 periculo
1348 1565 1447 1602 vitae

102 1632 223 1659 meae.
288 1620 338 1660 77
379 1625 497 1670 qtcccsi
533 1622 639 1672 cum]
688 1625 867 1674 reprimit
912 1635 952 1661 se
996 1624 1037 1661 G.
1106 1634 1170 1660 res
1212 1627 1295 1660 erat
1335 1628 1447 1661 antea
1474 1627 1518 1658 25

102 1679 330 1733 Menedemo
371 1693 459 1719 cum
502 1681 580 1719 filio
622 1694 692 1720 suo
735 1682 832 1720 ΒΜ.
909 1680 1114 1731 ambasses]
1160 1681 1446 1732 perplexiones,

56 1732 61 1736 ⁸
103 1736 157 1777 82
184 1740 285 1778 liccat
308 1742 425 1778 stulte
450 1739 575 1790 sapis]
603 1742 784 1779 ironicos.
836 1739 892 1779 90
913 1739 1181 1790 experiundo]
1210 1741 1445 1791 temptando.

101 1794 155 1835 92
184 1798 374 1848 pulchre]
408 1800 589 1837 ironicos.
641 1798 694 1839 97
729 1800 861 1850 manc]
896 1800 1098 1838 derisorie.
1157 1796 1239 1838 103
1272 1812 1362 1839 sero
1396 1813 1446 1839 ac

101 1859 342 1905 nequiquam
369 1858 489 1907 voles]
518 1859 556 1896 id
578 1864 653 1897 est:
681 1859 789 1898 tarde
817 1872 861 1897 ac
882 1860 1026 1898 frustra
1050 1860 1215 1909 coepisti
1242 1859 1314 1897 hoc
1335 1859 1445 1910 velle,

101 1915 203 1965 quod
237 1915 334 1954 dicis
373 1917 505 1969 modo,
543 1923 586 1956 ut
618 1920 703 1957 sine
741 1918 916 1969 periculo
954 1917 1097 1956 habeas
1129 1919 1310 1969 amicam,
1349 1931 1444 1968 quo·
1472 1926 1515 1957 30

99 1975 215 2026 niam,
248 1975 571 2027 quandocumque
604 1982 716 2027 pater
748 1979 857 2029 sciet,
893 1990 970 2015 non
1003 1978 1256 2028 permittitur,
1289 1982 1331 2015 ut
1363 1978 1442 2015 sru-

98 2033 177 2071 aris
210 2032 285 2072 itta.
344 2031 425 2073 107
454 2036 568 2085 Syre,
595 2036 716 2086 Syre]
751 2038 881 2088 coepit
912 2036 1096 2075 recedere
1128 2037 1248 2086 Syrus
1283 2036 1371 2074 inde
1405 2042 1444 2074 ct

99 2091 250 2130 obviam
288 2092 365 2130 illis
404 2094 479 2145 ire,
520 2099 563 2132 ut
597 2094 762 2148 diceret,
804 2096 907 2147 quod
947 2099 1239 2133 reverterentur
1271 2095 1440 2133 domum.

100 2148 182 2190 108
218 2151 437 2201 concaluit]
472 2164 623 2206 secum,
660 2154 739 2193 scil.
774 2155 820 2193 ad
853 2154 1079 2193 lubidinem.
1139 2151 1221 2193 109
1256 2157 1335 2193 iam
1367 2156 1442 2193 leuc

190 2245 211 2275 4
239 2242 296 2287 ea]
328 2242 408 2276 tum
434 2245 488 2277 M.
592 2246 635 2277 15
662 2245 848 2290 tragmam
875 2245 928 2280 M.
1030 2248 1071 2278 16
1098 2243 1293 2289 panuclas]
1326 2255 1440 2288 pano-

94 2287 163 2370 352²?
188 2289 239 2370 ἕ,
268 2288 424 2323 fanodas
452 2289 500 2324 M
501 2304 514 2333 ,·
546 2291 591 2333 cf.
619 2291 715 2326 Non.
743 2292 807 2327 sub
832 2304 912 2327 cocc
932 2304 1065 2337 panus.
1165 2296 1206 2325 21
1236 2293 1440 2336 apparatae
