1681 2576
118 92 170 132 16
441 95 460 134 ξ
486 94 518 125 2.
556 91 609 126 De
634 90 731 125 libro
758 89 974 126 Monacensi
1000 93 1044 124 14
1055 93 1134 125 420.

113 204 202 253 quia
241 204 280 240 in
314 202 345 239 G
377 200 561 253 mutilati,
604 202 643 239 in
675 201 711 239 Μ
750 203 895 240 sinceri
933 207 971 240 et
1009 206 1268 252 congruentes
1306 215 1394 242 cum
1428 203 1457 241 Ι)

113 261 306 311 leguntur.
370 260 523 298 Phorm.
557 261 661 298 enim
692 260 720 312 Ι,
749 258 770 298 1
806 265 844 299 et
875 260 902 312 I,
929 258 954 298 2
988 261 1026 298 in
1059 271 1104 297 eo
1137 259 1254 312 libro,
1295 273 1340 299 ex
1381 275 1456 313 quo

112 319 148 357 M
181 324 289 358 ortus
322 324 393 371 est,
425 320 465 356 in
497 330 615 356 unam
648 331 827 357 scaenam
860 319 1127 357 confluxerant
1153 320 1262 357 utin
1288 318 1336 372 D3
1368 333 1456 359 nam

111 377 264 416 Phorm.
292 378 318 430 I,
348 377 368 416 1
404 379 444 415 in
476 376 512 414 M
545 377 712 415 eundem
751 377 919 416 indicem
954 390 1047 429 prae
1080 389 1121 415 se
1155 377 1229 415 fert
1262 390 1377 429 quem
1410 379 1457 418 D:

110 436 237 475 Davus
279 436 384 474 Geta.
455 435 551 474 Eun.
588 435 655 488 ΙΙΙ,
689 434 713 474 2
752 436 815 474 hic
857 436 974 474 index
1016 437 1056 474 in
1094 435 1130 473 M
1168 438 1338 487 scriptus
1381 443 1456 476 est:

111 492 250 533 ‘Thais
282 496 469 533 meretrix
502 494 623 533 Traso
656 495 768 532 miles
801 494 991 533 Parmeno
1024 506 1158 533 servus
1192 494 1314 534 Gnato
1346 509 1457 547 para-

112 555 210 592 situs
235 553 382 592 Pithias
415 551 586 605 ancilla',
619 553 755 591 codem
789 553 924 592 ordine
958 564 1034 604 quo
1066 554 1108 591 in
1132 553 1163 591 D
1193 559 1306 604 atque
1341 556 1456 593 etiam

111 614 350 664 accuratius,
387 624 476 650 nam
509 613 550 650 in
581 612 611 650 D
649 623 792 650 nomen
829 611 987 663 Pythiae
1026 611 1153 663 deest,
1192 614 1231 650 in
1271 612 1303 651 G
1340 614 1456 652 index

110 671 272 709 mutilus
312 676 381 709 est.
444 671 511 709 Ad.
551 670 613 723 ΙΙΙ,
638 668 667 708 4
704 670 767 709 hic
805 670 921 709 index
963 672 1003 708 in
1040 670 1077 708 M
1114 670 1296 710 habetur:
1338 669 1455 720 ‘Egio

111 730 207 768 Geta
238 730 380 768 Demea
414 729 578 768 Cantara
617 741 737 767 senex
771 741 906 767 servus
940 741 1058 767 senex
1091 727 1265 782 mulier',
1299 732 1364 781 qui
1398 733 1455 769 in-

111 789 185 827 dex
216 801 380 840 prorsus
419 789 615 826 consentit
653 800 741 826 cum
773 787 822 826 D:
862 785 1005 839 ‘Hegio
1038 800 1157 826 senex
1190 787 1284 827 Geta
1321 801 1456 828 servus

109 846 253 885 Demea
286 859 403 886 senex
436 844 610 885 mulier’.
647 852 734 885 ante
762 843 945 885 ‘mulier'
971 859 1113 885 nomen
1145 848 1186 884 in
1210 846 1242 885 D
1269 849 1456 886 omissum

111 911 182 958 est,
216 906 284 944 sed
316 906 445 944 littera
476 906 516 944 Φ
541 910 676 957 restat,
709 917 783 955 qua
815 907 855 943 in
887 905 959 944 hoc
992 911 1080 943 actu
1107 905 1298 944 Canthara
1330 909 1455 945 notari

111 965 220 1018 solet,
254 966 299 1003 cf.
327 965 389 1016 ΙΙΙ,
417 963 460 1016 23
492 976 635 1002 nomen
667 963 889 1014 Pamphilae
924 965 964 1001 in
991 963 1021 1001 D
1047 966 1264 1014 posteriore
1298 965 1454 1003 demum

109 1036 228 1062 manu
260 1036 378 1074 supra
410 1020 576 1073 ‘Hegio’
610 1023 783 1061 additum
816 1028 885 1061 est.
942 1021 1085 1060 Phorm
1115 1022 1159 1074 II,
1181 1021 1206 1061 3
1233 1024 1274 1061 in
1299 1023 1336 1061 M
1362 1030 1400 1062 et
1426 1024 1456 1062 l)

109 1083 213 1121 idem
242 1083 359 1120 index
387 1082 517 1120 datur:
551 1079 760 1132 ‘Demipho
786 1080 970 1119 Phormio
998 1079 1126 1133 Geta',
1158 1094 1247 1120 cum
1274 1081 1306 1120 G
1332 1082 1456 1121 solum

108 1140 360 1192 Demiphonis
393 1153 536 1179 nomen
567 1140 718 1192 habeat,
751 1140 932 1178 similiter
963 1139 1116 1179 Phorm.
1142 1139 1201 1192 IV,
1227 1138 1265 1180 5.
1299 1163 1354 1168 —-
1386 1142 1452 1180 Ad.

107 1199 166 1252 IV,
195 1198 217 1239 1
252 1200 369 1238 index
401 1199 491 1237 libri
517 1199 555 1237 M
580 1201 759 1238 vitiosam
785 1199 995 1237 verborum
1022 1198 1317 1238 collocationem
1342 1212 1453 1251 prae-

108 1258 190 1297 bet:
224 1257 430 1309 eCtesipho
470 1258 590 1309 Syrus
630 1257 858 1297 adulescens
901 1255 1070 1310 servus’,
1109 1269 1198 1296 cum
1238 1257 1269 1295 G
1307 1264 1453 1297 rectam

107 1317 264 1370 habeat,
297 1319 391 1357 item
416 1317 484 1355 Ad.
505 1317 563 1368 IV,
585 1315 627 1355 2:
661 1314 825 1355 ‘Demea
852 1316 971 1367 Syrus
999 1316 1183 1367 Ctesipho
1216 1329 1335 1355 senex
1369 1330 1450 1356 ser-

108 1388 179 1415 vus
212 1373 468 1415 adulescens.'

197 1436 302 1480 Quae
345 1447 434 1473 cum
471 1436 523 1473 ita
563 1436 660 1486 sint,
700 1434 737 1472 M
774 1446 853 1472 non
891 1447 938 1472 ex
975 1435 1060 1484 ipso
1093 1433 1124 1471 G
1161 1435 1328 1485 petitum
1366 1447 1453 1473 esse

106 1494 348 1546 putabimus,
399 1493 466 1532 sed
511 1505 558 1532 ex
602 1493 769 1531 familiae
813 1492 884 1530 DG
928 1492 1056 1543 aliquo
1101 1493 1298 1545 exemplo,
1351 1493 1454 1544 quod

105 1554 283 1604 proxima
313 1552 604 1591 necessitudine
632 1564 719 1590 cum
747 1551 779 1590 G
805 1553 1057 1590 coniunctum
1083 1556 1176 1590 erat.
1233 1551 1337 1591 Haec
1363 1564 1451 1598 sen-

106 1614 228 1650 tentia
259 1624 337 1650 non
368 1612 589 1650 infirmatur
622 1623 679 1663 eo,
712 1610 815 1662 quod
847 1610 942 1649 ordo
975 1610 1192 1649 fabularum
1218 1610 1322 1648 idem
1348 1612 1389 1649 in
1414 1610 1452 1649 M

108 1676 169 1709 est
200 1675 314 1721 atque
347 1672 388 1708 in
419 1670 502 1708 PC:
545 1670 707 1721 Andria,
738 1669 969 1720 Eunuchus,
999 1668 1451 1720 Hautontimorumenos,

107 1729 282 1781 Adelphi,
313 1729 475 1780 Hecyra,
506 1728 700 1766 Phormio.
762 1728 807 1766 In
837 1728 909 1766 hac
941 1728 1045 1765 enim
1077 1739 1119 1765 re
1152 1732 1217 1766 aut
1249 1729 1326 1766 iam
1357 1728 1453 1767 illud

108 1788 347 1840 exemplum,
380 1800 426 1825 ex
460 1800 535 1838 quo
567 1787 604 1825 M
635 1786 736 1825 liber
768 1791 876 1825 ortus
909 1791 986 1838 est,
1025 1786 1241 1824 secundum
1272 1786 1337 1825 PC
1370 1799 1453 1825 mu-

107 1852 232 1885 tatum
271 1852 354 1885 erat
393 1847 494 1884 sicut
530 1845 827 1899 Riccardianus,
866 1850 932 1883 aut
968 1850 1104 1896 postea
1135 1844 1263 1883 scriba
1295 1844 1385 1883 libri
1416 1845 1453 1883 M

108 1907 319 1956 pristinum
358 1905 535 1944 ordinem
572 1906 801 1943 immutavit.
864 1904 1005 1954 Utique
1039 1903 1156 1942 alium
1189 1903 1366 1942 ordinem
1398 1904 1452 1942 fa-

107 1964 287 2003 bularum
319 1964 525 2014 aliquando
551 1965 593 2001 in
619 1963 827 2015 archetypo
854 1962 945 2001 libri
969 1962 1007 2000 M
1033 1962 1154 2001 fnisse
1180 1962 1227 2000 ab
1254 1964 1339 2014 ipso
1366 1964 1450 2001 eius

108 2023 237 2062 scriba
269 2023 466 2074 docemur,
500 2023 567 2073 qui
598 2022 644 2060 ad
669 2021 843 2073 Hecyrae
874 2023 1029 2060 initium
1062 2021 1102 2059 in
1133 2022 1308 2072 margine
1335 2021 1451 2060 adno-

107 2087 179 2120 tat:
220 2079 336 2120 ‘haec
373 2081 501 2120 fabula
538 2081 602 2119 hie
638 2077 901 2132 interposita'.
964 2079 1040 2118 Sed
1073 2092 1228 2131 quoquo
1261 2079 1376 2118 modo
1408 2092 1452 2118 ea

107 2153 172 2179 res
194 2152 234 2178 se
254 2140 382 2192 hahet,
406 2145 545 2178 natura
571 2144 609 2178 et
629 2139 779 2178 indoles
806 2141 890 2178 eius
910 2138 1013 2190 libri,
1040 2150 1087 2176 ex
1109 2151 1184 2189 quo
1203 2138 1241 2176 M
1261 2138 1451 2177 oriundus

109 2204 179 2250 est,
210 2199 332 2238 multo
364 2200 562 2250 antiquior
590 2203 628 2237 et
654 2199 845 2237 sincerior
871 2203 953 2236 erat
980 2209 1096 2248 qut-un
1121 2196 1378 2248 Riccardiani,
1410 2196 1449 2234 id

109 2258 210 2308 quod
242 2258 303 2296 vel
334 2259 411 2308 ipsi
443 2269 671 2296 scaenarum
702 2257 852 2296 indices
887 2257 980 2294 satis
1013 2256 1254 2294 confirmant.
1310 2255 1354 2293 In
1385 2254 1450 2293 illo

108 2317 266 2366 antiquo
314 2316 491 2367 exemplo
538 2328 727 2367 personae
773 2327 893 2367 aeque
936 2320 1051 2366 atque
1095 2316 1136 2352 in
1179 2313 1367 2353 Bembino
1412 2318 1452 2352 et
