1681 2576
197 131 634 167 Heautontimorumenos
653 131 697 175 V,
719 130 837 174 4-V,
859 133 889 164 5.
934 129 1105 164 Phormio
1125 130 1152 174 I⁷
1175 134 1205 165 1.
1290 129 1371 170 127

590 304 813 341 Phormio,

549 393 855 433 Didascalia.

120 468 280 506 Graeca
294 468 529 516 Apollodori
540 464 916 515 Epidicazomenos]
936 465 1192 515 Apollodorus
1209 476 1372 515 graecus

32 531 146 577 poeta
172 526 256 577 fuit,
289 527 356 576 qui
384 526 476 564 fecit
507 524 687 576 fabulam,
720 536 834 575 quam
859 523 1211 574 Epidicazomenon
1243 523 1372 575 appel-

33 585 124 623 lavit
150 597 195 623 ex
226 586 382 623 nomine
411 584 611 622 cuiusdam
644 585 817 635 parasiti,
849 584 916 634 qui
948 585 988 621 in
1022 596 1065 621 ea
1097 583 1371 621 introducitur.
1422 591 1443 621 5

514 714 886 764 Argumentum.

119 788 148 829 4
178 790 313 840 unice]
348 789 600 841 singulariter
631 790 691 828 vel
722 791 877 828 misere.
942 789 964 828 7
1000 789 1125 838 funus
1152 788 1370 838 procurat]

31 851 152 902 virgo,
183 855 300 901 prout
331 851 469 900 potuit.
527 847 551 888 9
574 849 770 899 fremere]
802 848 1104 899 indignabantur
1130 849 1167 887 C.
1224 847 1369 897 minas]

31 914 117 961 μνᾶ
149 921 299 960 graece,
331 910 436 947 mina
468 909 612 946 dicitur
643 907 772 946 latine.

571 1037 833 1088 Prologus.
1399 1057 1444 1088 10

122 1112 144 1153 1
174 1115 300 1165 vetus]
334 1115 560 1166 maledicus,
591 1114 815 1166 malevolus,
848 1114 1053 1152 detractor.
1111 1112 1135 1151 2
1164 1116 1204 1152 in
1231 1112 1369 1163 otium]

30 1178 73 1212 ut
109 1173 245 1212 relicto
285 1174 414 1213 studio
453 1175 670 1212 carminum
708 1175 856 1212 otiosus
897 1178 1061 1211 maneat.
1128 1170 1158 1211 4
1193 1171 1369 1222 dictitat]

31 1232 259 1283 frequenter
284 1233 548 1284 reprehendit.
599 1230 625 1272 ἵ)
652 1232 784 1282 tenui]
812 1232 889 1270 vili.
945 1231 1044 1281 levi]
1073 1231 1369 1282 contemptibili.

30 1290 55 1330 6
76 1294 172 1340 quia
192 1305 387 1341 nusquam
401 1291 492 1342 eta]
514 1293 662 1331 ironice
683 1293 720 1330 C.
768 1289 820 1330 13
848 1290 1087 1340 lacessisset]
1109 1296 1369 1342 provocasset.

32 1348 85 1389 16
119 1352 159 1390 in
191 1353 319 1390 medio
351 1350 541 1401 positam]
581 1351 619 1389 id
659 1356 718 1390 est
756 1353 796 1389 in
834 1350 990 1401 publico
1022 1349 1083 1388 vel
1118 1350 1369 1402 indifferenti,
1398 1351 1441 1382 15

31 1410 213 1459 quoniam
238 1415 373 1461 poetae
399 1411 493 1449 honi
519 1410 790 1449 indifferenter
816 1409 975 1461 ducunt,
1004 1414 1137 1448 utrum
1164 1409 1371 1447 laudentur

28 1480 77 1506 an
114 1469 394 1520 vituperentur.
460 1468 512 1509 17
550 1469 742 1519 palmam]
785 1470 988 1507 victoriam
1025 1467 1162 1506 laudis.
1229 1467 1283 1508 18
1316 1470 1372 1507 ad

25 1527 192 1578 famem]
226 1528 273 1566 ad
300 1530 433 1568 otium.
491 1541 516 1568 a
540 1528 689 1578 studio]
718 1529 915 1567 carminis,
971 1527 1145 1577 reicere]
1174 1539 1368 1566 revocare.

30 1584 86 1625 20
118 1587 354 1638 benedictis]
386 1587 500 1626 bonis
532 1587 662 1627 verbis
693 1587 868 1638 prolatis.
931 1585 986 1625 23
1020 1586 1244 1636 peccandi]
1279 1587 1369 1637 quia

30 1658 185 1697 semper
219 1646 428 1685 maledicit.
491 1645 544 1686 27
581 1646 754 1696 primas]
792 1647 1035 1697 praecipuas.
1100 1643 1155 1684 30
1187 1644 1367 1696 operam]
1394 1645 1441 1678 2Ο

29 1704 223 1744 audiendi.
287 1703 339 1744 31
374 1719 424 1745 ne
454 1708 574 1746 simili
604 1705 695 1755 eta]
735 1718 783 1744 ne
822 1704 1003 1743 similiter
1036 1705 1297 1756 impediamur
1329 1706 1369 1742 in

28 1765 101 1802 ista
139 1765 240 1803 sicut
281 1766 321 1802 in
358 1765 518 1816 Hecyra.
588 1763 642 1803 32
680 1778 756 1814 per
794 1764 1018 1813 tumultum]
1061 1764 1143 1802 scil.
1176 1763 1367 1803 ludorum.

29 1820 83 1861 33
117 1823 285 1874 actoris]
318 1825 550 1863 recitatoris.
614 1821 670 1863 34
701 1822 874 1873 bonitas]
908 1822 1140 1874 benignitas,

650 1953 676 2005 Ι,
706 1951 740 1991 l.

117 2022 355 2062 Condolebat
391 2024 533 2077 Davus,
577 2023 863 2063 nummularius
901 2024 1037 2075 Getae⁷
1082 2024 1148 2074 qui
1190 2023 1265 2061 sibi
1306 2035 1365 2061 ar·
1393 2023 1437 2054 ‘35

28 2087 187 2130 gentum
225 2082 417 2121 detulerat
454 2084 500 2122 ad
538 2083 854 2134 percutiendum,
896 2083 997 2133 quod
1036 2084 1258 2121 minutatim
1291 2082 1365 2120 sibi

28 2142 110 2191 ipse
144 2141 238 2180 Geta
276 2148 577 2193 congregaverat
614 2148 652 2181 et
689 2141 902 2193 cogebatur
940 2147 1030 2180 tunc
1069 2142 1290 2192 expendere
1326 2143 1366 2179 iu

28 2201 182 2251 nuptias
224 2200 310 2252 filii,
355 2201 501 2240 domini
543 2203 614 2240 sui.
690 2200 711 2240 1
754 2200 982 2250 popularis]
1034 2200 1176 2251 populo
1221 2207 1364 2251 gratus.

26 2256 56 2296 4
87 2259 342 2310 conficerem]
382 2261 602 2299 conflarem.
672 2259 697 2300 6
731 2259 988 2309 conraditur]
1029 2260 1285 2311 coadunatur,
1324 2266 1365 2298 ut

122 2376 165 2406 16
192 2372 345 2419 ducunt]
382 2374 566 2409 ducuntur
597 2375 650 2418 E,
685 2374 857 2409 dicuntur
883 2373 922 2408 G.
1019 2377 1062 2407 26
1094 2373 1289 2408 minuatim
1320 2374 1362 2410 G.

1669 818 1681 852 Αἱ
1669 791 1681 806 λ’
