1681 2576
145 825 188 856 10

145 1116 186 1147 15

143 1409 187 1440 20

142 1701 186 1733 25

142 1994 186 2026 30

216 133 272 175 80
629 131 921 167 Commentarius
949 130 1145 173 antiquior.

838 276 865 328 Ι,
894 274 929 314 1.

306 347 327 386 1
363 346 496 396 Sosia]
532 347 642 384 Sosia
674 347 748 384 iste
781 346 976 396 quondam
1009 358 1029 384 a
1056 346 1214 384 Simone
1247 350 1400 396 emptus
1433 350 1491 384 est
1518 351 1555 384 ct

215 407 395 445 libertate
423 405 588 443 donatus
615 409 653 442 et
678 406 718 443 in
744 409 894 443 tantum
920 404 1071 455 placide
1098 405 1257 443 servivit
1283 404 1440 442 domino
1473 416 1555 455 suo,

215 471 257 504 ut
283 465 504 516 principem
530 475 776 515 quoquorum
802 464 1049 501 constituerit
1075 462 1182 501 illum
1198 463 1252 501 M.
1298 461 1323 500 2
1345 462 1555 512 adesdum]

216 524 306 562 dum
334 517 565 575 παρέλκον,
597 522 762 560 adiectio
790 520 982 572 syllabica.
1029 523 1066 560 C.
1124 521 1216 559 dum
1246 533 1367 572 prope
1395 532 1450 574 05,
1480 520 1555 559 11110

213 583 314 621 veni.
359 593 449 620 nam
475 581 607 619 Sosias
633 580 797 630 eulogiis
825 581 995 630 acceptis
1022 580 1207 618 recedere
1233 579 1395 618 volebat.
1442 591 1555 630 supe·

214 643 295 680 rius
334 641 500 679 finxerat
537 640 643 678 Simo
683 652 724 677 se
762 637 859 676 velle
897 639 937 676 in
978 640 1193 677 crastinum
1231 640 1387 689 nuptias
1427 639 1555 676 facere

214 699 293 738 filio
321 711 403 750 suo,
436 700 470 737 si
502 698 601 736 forte
633 702 767 748 posset
796 708 1044 748 cognoscere,
1075 702 1207 735 utrum
1239 697 1420 748 diligeret
1444 696 1555 735 Pam-

213 758 342 809 philus
375 757 613 808 Glycerium,
655 767 752 806 quae
790 754 991 793 Passibula
1029 755 1131 793 dicta
1170 761 1246 807 est,
1287 767 1421 794 1100110.
1482 755 1555 793 1100

215 829 369 868 quoque
402 816 605 854 audientes
641 815 744 852 servi
776 814 859 852 eius
892 813 1106 852 afferebant
1138 815 1173 852 ei
1205 814 1350 853 diversi
1382 814 1554 852 diversas

215 875 398 925 eulogias.
454 876 604 912 interea
636 873 729 911 dum
761 872 948 910 offerrent
979 871 1168 924 eulogiaS,
1205 874 1406 924 praecepit
1438 872 1556 923 Simo,

214 939 257 972 ut
288 934 410 971 ceteri
441 932 641 971 deferrent
673 931 845 981 eulogias
872 930 1042 982 domum,
1075 930 1183 968 Sosia
1215 943 1307 969 vero
1334 936 1555 970 remaneret

214 992 260 1031 ad
282 991 582 1042 colloquendum
603 1002 691 1028 cum
711 1002 768 1028 eo.
808 987 832 1027 3
856 988 1011 1038 nempe]
1040 988 1189 1027 scilicet
1208 991 1265 1027 vis
1292 991 1330 1028 C.
1371 988 1424 1028 13
1446 991 1559 1028 haud

213 1056 320 1090 muto
348 1049 522 1098 factum]
562 1049 652 1087 nolo
685 1050 829 1086 iterum
860 1053 898 1085 te
932 1047 1111 1086 subicere
1145 1049 1334 1086 servituti.
1398 1046 1453 1087 15
1485 1050 1555 1087 ad-

213 1108 388 1158 versum]
427 1120 498 1159 pro
537 1108 649 1158 apud.
720 1104 771 1145 17
807 1105 1062 1156 immemoris]
1103 1108 1214 1156 quasi
1256 1119 1327 1157 ego
1364 1118 1443 1145 non
1483 1107 1557 1144 sim

212 1180 374 1206 memor.
422 1165 474 1206 18
509 1166 622 1216 quin]
656 1166 849 1203 comicum
881 1164 1043 1203 verbum
1075 1170 1135 1203 est
1165 1177 1237 1215 pro
1271 1165 1350 1204 sed.
1399 1163 1454 1204 26
1488 1167 1559 1213 qm·

212 1229 320 1266 scire
346 1225 500 1275 posses]
534 1226 623 1276 quia
654 1226 782 1275 priuS,
815 1236 903 1261 cum
936 1223 1008 1262 sub
1040 1223 1247 1274 disciplina
1279 1229 1401 1275 esset,
1433 1223 1555 1262 nulla-

213 1290 327 1323 tenus
359 1285 523 1335 potuisti
555 1285 639 1321 eius
671 1282 909 1321 voluntatem
941 1287 1055 1332 atque
1088 1283 1261 1320 animum
1294 1282 1555 1321 considerare.

214 1342 267 1381 31
297 1342 476 1392 eyreyie]
507 1341 741 1393 specialiter,
772 1340 878 1379 nulla
905 1342 1058 1391 excepit
1084 1340 1223 1392 studia,
1256 1341 1323 1379 sed
1350 1341 1397 1379 ad
1427 1343 1558 1379 omnia

215 1407 398 1440 strenuus
444 1406 527 1439 erat
570 1399 808 1451 peragenda,
853 1411 944 1449 ergo
990 1400 1119 1437 onmia
1163 1401 1320 1449 egregie
1365 1399 1555 1438 studebat.

214 1459 268 1499 32
290 1458 565 1508 mediocriter]
587 1459 774 1497 modeste.
811 1455 867 1496 34
887 1457 1086 1507 adprime]
1108 1469 1180 1508 pro
1200 1459 1379 1496 maxime.
1411 1455 1467 1497 42
1489 1460 1557 1497 ab-

212 1520 307 1558 hinc
334 1517 568 1567 triennium]
603 1522 708 1556 retro
740 1517 973 1568 triennium,
1005 1516 1232 1554 adverbium
1264 1521 1324 1555 est
1354 1519 1555 1568 temporis.

210 1574 269 1616 45
302 1582 434 1616 aetate
472 1575 650 1625 inteqra]
690 1575 818 1614 adulta
856 1575 903 1613 ad
941 1574 1179 1613 nubendum.
1240 1572 1297 1614 46
1337 1575 1396 1625 ei]
1434 1577 1557 1614 1111οΓ-

212 1636 330 1674 iectio
357 1635 537 1673 dolentis.
592 1639 778 1684 apportet
807 1633 926 1683 mali]
961 1633 1053 1671 dum
1085 1633 1214 1672 audivi
1239 1633 1436 1686 Andriam,
1469 1634 1551 1686 Gly-

213 1696 363 1732 cerium
388 1693 449 1731 vel
476 1693 719 1744 Chrysidem,
751 1705 772 1730 a
797 1697 835 1731 te
867 1693 1076 1743 nominari,
1107 1693 1233 1743 timui,
1263 1704 1313 1730 ne
1346 1693 1439 1743 quid
1466 1693 1558 1732 mali

215 1765 284 1790 5113
316 1752 607 1803 pulchritudine
639 1752 782 1789 inferat
814 1751 893 1789 filio
925 1756 992 1789 tuo
1024 1750 1235 1801 Pamphilo,
1288 1748 1343 1789 47
1378 1751 1556 1801 duriter]

213 1810 418 1848 laboriose.
465 1807 521 1849 48
555 1813 650 1848 lana
683 1822 733 1848 ac
766 1809 862 1859 tela]
894 1809 1064 1847 lanificio
1097 1814 1135 1846 et
1166 1808 1328 1847 filatura.
1377 1807 1431 1848 51
1461 1822 1556 1859 pro-

213 1868 331 1919 clive]
366 1868 556 1907 caducum
594 1873 632 1906 et
669 1867 801 1919 labile,
838 1880 917 1906 non
954 1868 1084 1905 fixum.
1146 1865 1203 1906 55
1235 1868 1406 1918 mecum]
1446 1870 1558 1919 coepi

213 1929 383 1978 cogitare
423 1932 461 1965 et
499 1927 630 1965 dicere
669 1927 866 1978 DGEM,
911 1925 1128 1977 cogitabam
1171 1927 1209 1964 C.
1271 1925 1327 1965 56
1365 1926 1501 1977 habet]
1535 1940 1556 1966 a

213 1986 423 2037 gladiatore
460 1987 508 2033 D,
546 1985 585 2024 id
619 1990 679 2023 est
710 1985 815 2024 letali
846 1984 1005 2023 vulnere
1043 1996 1254 2035 percussus
1287 1989 1347 2023 est
1377 1985 1480 2024 filius
1519 1987 1556 2024 B

213 2057 319 2083 man.
345 2057 427 2083 ree.
478 2041 532 2083 57
561 2045 754 2083 venientis
781 2048 819 2082 et
845 2044 1024 2082 abeuntis
1051 2045 1262 2081 accusativi
1288 2049 1388 2082 sunt..
1437 2044 1553 2094 heus]

215 2103 443 2142 adverbium
469 2105 652 2141 vocantis.
706 2101 761 2142 58
787 2102 918 2152 sodes]
952 2102 990 2139 id
1018 2107 1077 2140 est
1106 2103 1139 2139 si
1165 2102 1298 2154 audes,
1328 2107 1372 2140 ut
1398 2103 1554 2153 quidam

212 2161 360 2214 dicunt,
392 2161 452 2199 vel
484 2163 677 2200 comicum
709 2161 871 2200 verbum
902 2160 1150 2199 blandientis.
1207 2158 1261 2200 61
1295 2160 1386 2211 eleo]
1419 2161 1553 2200 adver-

211 2220 319 2258 bium
351 2221 641 2271 interrogantis,
703 2222 920 2271 symbolam
959 2218 1090 2268 dedit]
1130 2219 1169 2257 id
1208 2223 1268 2257 est
1306 2219 1553 2259 collationem

307 2359 351 2390 14
377 2356 557 2403 subicere]
591 2356 678 2391 dare
704 2356 756 2400 D,
788 2355 942 2390 reddere
973 2355 1006 2392 G.
