1681 2576
553 64 696 100 Andria,
720 65 781 109 IV,
803 65 928 108 3-v‚
951 69 981 100 1.
1385 65 1438 106 91

99 177 272 214 insciens
310 177 350 214 in
388 188 571 226 magnum
609 174 777 226 malum,
814 180 857 213 ut
897 175 969 214 hoc
1005 176 1193 227 facerem,
1233 175 1335 214 unde
1371 175 1440 213 110-

99 237 226 274 mines
254 237 489 286 iocarentur,
520 234 702 272 videlicet
728 235 762 272 si
788 233 906 272 filiam
937 247 1065 273 meam
1091 234 1224 273 darem
1251 234 1439 273 adultero.

86 291 157 332 44
193 294 382 333 hactenus
426 294 599 344 quamvis
643 294 811 331 invicem
856 305 896 331 se
943 294 1123 332 audirent
1167 293 1353 332 Chremes
1403 299 1441 332 et

98 353 242 405 Dams,
279 358 409 391 tamen
447 351 559 391 ambo
595 352 830 390 dissimulati
868 359 959 391 sunt
997 365 1038 391 se
1077 353 1211 392 audire
1250 358 1289 391 et
1324 352 1440 391 modo

99 414 176 450 iam
215 411 331 450 simul
370 411 476 462 loqui
518 412 722 461 incipiunt.
791 408 846 450 47
880 423 939 450 em
976 411 1156 462 seelera]
1199 411 1439 450 exclamatio.

97 469 155 509 49
184 472 374 510 convertit
403 482 444 508 se
470 469 588 521 Mysis
616 470 662 508 ad
689 469 948 509 Chremetem.
1005 470 1079 521 ml]
1114 472 1323 523 vocativus,
1350 472 1441 522 quia

99 531 251 580 antiqui
281 531 384 567 mius
417 528 607 567 dicebant.
669 526 726 568 50
758 542 808 568 ne
835 541 896 568 me
924 529 1089 580 atte'yas]
1122 530 1286 568 iocando
1319 529 1441 569 voluit

99 601 185 627 eam
225 594 394 638 tangere.
466 586 519 627 51
559 591 596 626 sl
628 591 700 637 pol
732 589 918 637 Glycerio
955 588 1052 639 non]
1095 590 1128 627 si
1170 595 1207 627 et
1248 601 1326 627 non
1364 589 1440 628 duo

97 649 275 698 negativa
307 659 429 686 unum
461 647 608 685 faciunt
640 647 926 686 affirmativum.

709 777 768 829 iv,
794 775 832 816 5.

186 847 263 886 Iste
291 848 397 886 Crito
424 853 619 886 mercator
646 854 729 886 erat
755 848 801 886 de
828 848 958 886 Andro
985 847 1124 900 insula,
1155 848 1259 886 unde
1281 848 1441 900 Chrysis

99 919 187 945 cum
209 906 386 960 Glycerio
413 913 584 959 venerat,
612 913 649 946 et
675 919 789 945 causa
814 908 1023 958 emptionis
1045 913 1082 945 et
1107 908 1344 946 venditionis
1370 919 1442 958 per

98 965 253 1004 diversa
297 966 377 1004 ibat
420 966 514 1004 loca.
570 968 603 1005 is
647 967 827 1017 audiens,
866 966 969 1017 quod
1009 966 1185 1018 Chrysis,
1222 968 1442 1017 propinqua

100 1027 198 1077 eius,
232 1025 370 1076 obiret,
403 1025 450 1063 de
476 1025 605 1063 Andro
634 1025 759 1063 insula
786 1027 903 1076 venit,
934 1025 1003 1063 ubi
1034 1025 1099 1063 illa
1131 1031 1225 1078 erat,
1257 1031 1300 1064 ut
1326 1037 1442 1064 causa

97 1085 402 1135 propinquitatis
436 1086 520 1122 61115
558 1085 779 1135 possideret
816 1084 927 1122 hona.
990 1082 1016 1123 5
1049 1084 1148 1123 Dum
1179 1084 1273 1123 haec
1308 1097 1443 1123 seeum

97 1143 283 1194 loquitur,
316 1143 411 1181 vidit
437 1143 638 1195 Mysidem,
671 1143 849 1181 ancillam
881 1144 1093 1195 Chrysidis,
1127 1156 1224 1194 quae
1257 1156 1346 1182 cum
1378 1143 1443 1182 illa

97 1203 203 1240 venit
235 1202 281 1240 de
313 1202 456 1254 Andro,
489 1207 527 1240 ct
559 1202 704 1241 Davum
736 1204 959 1240 venientem
992 1203 1038 1241 de
1072 1202 1173 1254 loco,
1209 1203 1276 1241 ubi
1307 1202 1443 1241 habuit

96 1273 276 1313 puerum,
308 1266 347 1299 et
373 1266 507 1299 contra
534 1263 756 1300 venientem
782 1261 971 1312 ,111-51116111
998 1263 1061 1299 ait.
1116 1261 1300 1312 obsecro]
1334 1262 1442 1300 blan-

100 1319 243 1358 dientis
276 1320 449 1359 verbum.
514 1319 538 1359 8
573 1320 772 1371 perdidit]
808 1321 1024 1359 moriendo.
1090 1318 1143 1359 19
1174 1320 1440 1371 qrcmde'cula]

100 1378 259 1429 nubilis,
286 1378 425 1417 adulta.
472 1377 527 1418 2Ο
546 1379 853 1430 sycophantam]
879 1379 1209 1431 calumniatorem,
1230 1393 1291 1418 me
1312 1380 1441 1419 dicent

101 1450 187 1476 esse
214 1442 339 1476 morte
367 1438 538 1488 dignum.
596 1437 650 1476 22
678 1441 882 1487 antiquom
915 1438 1083 1489 optines]
1118 1439 1267 1477 scilicet
1293 1452 1442 1477 morem

99 1496 159 1534 vel
178 1509 340 1548 nomen3
364 1497 402 1535 id
424 1503 499 1535 est:
521 1497 674 1548 qualem
694 1502 731 1535 16
754 1497 931 1536 dicebant
955 1498 1054 1549 apud
1073 1497 1259 1550 Andrtun,
1279 1498 1367 1536 talis
1388 1510 1441 1545 es.

716 1627 756 1679 i,
786 1626 821 1665 1.

189 1697 375 1736 Chremes
407 1703 614 1748 postquam
646 1698 719 1736 1106
752 1700 943 1749 comperit
976 1699 1022 1737 de
1054 1711 1195 1751 puero,
1229 1701 1295 1750 qui
1319 1697 1441 1738 'natus

101 1761 185 1795 erat
209 1756 422 1807 Pamphilo,
455 1758 523 1795 ivit
549 1757 594 1795 ad
623 1757 823 1795 Simonem
850 1758 984 1795 dicens
1012 1757 1079 1809 illi,
1113 1758 1215 1809 quod
1243 1759 1338 1796 satis
1366 1760 1456 1812 iam
1495 1767 1508 1774 ·

99 1814 261 1854 haberet
299 1828 408 1854 suam
447 1818 657 1855 amicitiam
697 1818 891 1867 cognitam
930 1822 969 1854 61
1006 1818 1045 1854 111
1082 1817 1183 1868 quod
1223 1817 1443 1869 periculum

99 1886 221 1925 prope
260 1875 532 1939 66611161·11Ἂ(16
571 1875 659 1914 filia.
723 1874 747 1913 2
780 1879 878 1914 satis
912 1875 1081 1926 pericli]
1122 1889 1306 1927 magnum
1339 1878 1442 1927 peri-

100 1932 232 1971 culum
269 1939 430 1985 propter
466 1940 572 1973 tuam
605 1936 833 1986 amicitiam,
870 1934 1053 1973 videlicet
1084 1940 1126 1974 ut
1158 1935 1291 1974 darem
1325 1936 1443 1973 tiliam

99 2004 226 2030 meam
270 1992 348 2030 filio
380 1998 465 2045 tuo,
504 1995 571 2044 (1111
603 1994 764 2032 alteram
796 1998 907 2032 amat.
967 1997 1088 2041 smem
1123 1994 1236 2044 face]
1269 2007 1340 2045 pro
1373 1996 1443 2046 fac,

100 2051 139 2089 id
167 2056 226 2089 est
251 2050 331 2089 noli
363 2064 499 2102 rogare
527 2053 692 2104 amplius
719 2053 837 2091 tiliam
863 2065 1000 2091 meam.
1059 2051 1083 2091 3
1118 2053 1259 2103 inlusi]
1293 2054 1441 2104 decepi.

99 2107 127 2148 5
166 2109 322 2160 initiam]
364 2113 613 2161 promissum.
689 2111 936 2162 comprobes]
978 2112 1166 2163 affirmes,
1211 2112 1442 2151 consolides.

102 2168 124 2208 ’ἶ
154 2168 328 2219 modum]
363 2182 598 2209 mensuram.
652 2169 676 2209 9
699 2171 935 2220 perpulistl]
969 2183 1058 2208 nam
1085 2172 1268 2222 superius
1296 2172 1444 2210 dictum

195 2310 217 2340 4
242 2307 368 2341 tamen
395 2307 502 2342 ambo
530 2306 768 2341 dissimulant·
797 2308 841 2352 G,
867 2319 932 2343 om.
960 2320 1049 2353 quac
1074 2319 1141 2353 seq.

1491 420 1512 451 ιη

1470 786 1512 817 10

1470 1093 1512 1123 15

1469 2061 1514 2092 30
