1681 2576
121 768 163 798 10

122 1062 165 1092 15

8 1115 119 1167 ῑωιί

10 1171 141 1218 [car-tuq}

123 1356 168 1386 ΞΟ

191 121 275 163 102
486 101 490 104 ⁵
598 119 891 155 Commentarius
919 107 1117 162 antiquior.

191 232 359 282 qualiter
385 231 557 282 placeret
583 230 721 268 Thaidi
741 232 860 280 virgo.
885 230 930 268 E.
974 227 998 268 3
1021 228 1081 278 id]
1109 233 1270 280 propter
1295 227 1380 266 hoc.
1412 227 1535 278 serio]

189 304 260 341 pro
293 294 418 342 certe,
450 302 529 328 non
562 290 660 327 ficte.
715 288 737 327 7
771 288 850 338 vel]
891 290 1018 326 etiam.
1077 286 1101 326 9
1133 286 1323 337 yloriam]
1364 286 1539 338 gloriam,

190 362 307 400 quam
329 349 394 387 alii
414 361 484 399 per
504 348 678 385 laborem
699 349 920 398 acquirunt,
945 346 1076 385 verbis
1097 347 1176 384 tuis
1198 345 1351 383 obtines
1378 350 1539 396 propter

189 413 297 446 tuam
324 408 567 458 sapientiam,
594 408 696 457 quia,
717 406 819 456 quod
841 407 1013 444 minores
1034 404 1279 456 principibus
1301 404 1541 455 deserviunt,

191 468 393 518 principes
414 478 493 503 non
513 465 603 517 illis,
618 465 686 503 sed
701 464 917 503 maioribus
932 466 1095 514 gratiam
1109 465 1296 502 referunt.
1333 459 1387 502 1Ο
1408 468 1540 501 trans-
1573 458 1578 463 ’

190 524 333 574 movet]
355 525 554 563 transfert.
592 524 732 573 salem]
755 524 997 574 sapientiam,
1012 522 1285 561 urbanitatem.
1324 520 1376 560 11
1399 520 1539 571 habes]

189 583 397 634 intellegis.
444 586 484 622 in
518 585 643 622 oculis
672 581 840 631 yestire]
874 582 912 620 id
946 586 1006 620 est
1038 581 1220 632 cupiebat
1252 586 1289 619 te
1321 580 1467 619 habere
1501 581 1541 618 in

190 642 325 694 oculis,
353 642 433 681 scil.
461 641 638 693 gestibus
665 640 868 679 oculorum
894 640 1040 691 aliquid
1066 642 1231 678 innuere
1258 639 1340 678 tibi.
1387 637 1540 689 signum

190 706 250 739 est
275 703 418 739 nimiae
446 702 638 739 amicitiae
667 699 842 750 gestibus
871 699 1072 738 oculorum
1099 699 1339 737 voluntatem
1365 700 1541 736 innuere.

192 759 245 799 18
273 760 511 809 elevantem]
546 761 749 809 optimum.
795 756 848 796 21
877 758 1078 808 mordere]
1108 757 1373 796 detrahebant.
1408 755 1462 795 23
1485 760 1544 795 in-

184 818 326 869 pense]
349 819 568 869 diligenter,
584 817 770 869 studiose,
790 818 969 855 maxime.
1004 815 1056 855 27
1080 815 1308 866 iuqularccs]
1332 816 1544 854 confudisti

191 877 452 916 amaritudine
467 876 586 915 verbi.
616 874 671 915 30
687 875 903 925 lelr‘yerz'm]
927 877 1166 913 conviciatus
1187 877 1272 913 sim.
1290 876 1332 913 E.
1362 873 1415 913 32
1432 874 1541 924 plus]
1572 891 1576 895 ·

191 949 326 975 secum
357 937 485 974 tacite.
538 933 594 974 34
619 934 814 983 scortum]
848 939 1021 979 scortum
1048 934 1193 972 dicitur
1220 935 1331 984 quasi
1358 938 1544 984 scortum,

191 995 231 1033 id
265 1000 324 1033 est
357 994 472 1033 solea.
519 996 620 1032 sicut
646 993 752 1032 solea
779 993 960 1048 omnibus
988 993 1195 1044 subigitur,
1228 994 1280 1030 ita
1308 997 1346 1030 et
1372 992 1435 1029 illa
1462 991 1543 1042 pel-

192 1054 319 1105 licula,
353 1059 391 1092 et
423 1055 525 1091 sicut
556 1053 620 1091 illa
648 1065 783 1092 omnes
810 1053 851 1090 in
884 1064 925 1090 se
950 1052 1115 1090 terendo
1142 1053 1283 1102 recipit
1310 1051 1458 1102 sordeS,
1491 1052 1543 1089 ita

192 1118 231 1151 et
262 1112 327 1150 illa
365 1113 540 1150 omnium
578 1111 784 1150 libidinum
818 1111 1072 1149 inmunditias
1105 1110 1157 1159 cf.
1191 1112 1330 1168 QZ&
1357 1122 1424 1159 pq.
1450 1110 1545 1152 331.

193 1170 248 1210 3ss
276 1171 403 1221 lepus]
427 1171 531 1218 lenis
559 1176 750 1221 aptusque
779 1183 820 1208 es
847 1170 1095 1208 fornicationi
1122 1174 1161 1221 et
1181 1173 1354 1207 scortum
1376 1170 1544 1220 quaeris,

193 1243 283 1268 cum
321 1230 421 1268 sorte
459 1234 543 1268 tute
583 1234 696 1280 aptus
735 1231 790 1267 sis
814 1229 918 1267 111111·
958 1230 1084 1280 operi,
1122 1233 1165 1266 ut
1203 1232 1387 1266 scortum.
1432 1227 1544 1278 lepus

193 1289 360 1327 duarum
397 1294 625 1327 naturarum
664 1288 809 1326 dicitur
847 1300 945 1325 esse.
1001 1299 1139 1338 quare,
1177 1287 1322 1338 inquit,
1361 1298 1450 1324 011111
1490 1287 1543 1324 515

196 1348 351 1400 semina,
384 1360 473 1386 cum
499 1349 708 1386 meretrice
735 1346 850 1398 ludis,
882 1346 942 1384 vel
968 1346 1081 1397 lepus
1108 1358 1197 1384 cum
1225 1347 1292 1398 sis,
1319 1345 1544 1383 condimen-

194 1412 279 1444 tum
312 1408 486 1457 quaeris,
526 1407 564 1444 id
598 1412 673 1444 cst:
716 1405 943 1444 adolescens
976 1417 1066 1443 cum
1099 1406 1165 1456 sis,
1197 1404 1310 1444 ardes
1343 1415 1474 1442 amore
1507 1409 1545 1441 et

194 1465 297 1503 ludis
341 1478 430 1504 011111
469 1467 688 1503 meretrice.
754 1463 808 1502 39
851 1464 988 1512 fertur
1033 1466 1073 1502 2'72
1110 1462 1271 1513 primis]
1319 1462 1466 1501 dictum
1498 1462 1544 1500 ab

195 1525 367 1574 antiquis
408 1524 468 1562 rel
509 1526 549 1561 in
590 1525 728 1574 primis
770 1523 989 1573 proverbiis
1026 1523 1132 1560 istud
1173 1527 1234 1560 est
1276 1523 1542 1572 praecipuum.

193 1581 252 1621 40
273 1582 393 1633 dolet]
415 1584 598 1633 paenitet.
642 1580 697 1620 41
723 1581 925 1632 perditus]
954 1583 1065 1632 quasi
1092 1586 1270 1619 mortuus
1297 1580 1541 1630 verecundia.

195 1642 297 1681 DM.
347 1639 403 1680 43
436 1654 513 1681 non
548 1641 718 1691 iniuria]
753 1653 831 1679 non
864 1642 1022 1691 iniuste,
1055 1640 1094 1678 id
1122 1635 1187 1678 'est
1212 1651 1291 1677 11011
1317 1640 1402 1678 sine
1430 1652 1545 1677 causa

194 1700 420 1739 metuebant
451 1705 500 1738 te.
555 1698 614 1739 45
646 1702 748 1739 nihil
777 1699 924 1749 minus]
957 1711 1036 1737 non
1069 1699 1186 1737 facias
1215 1700 1261 1737 E.
1310 1695 1366 1737 48
1399 1697 1542 1748 sentio]

194 1758 440 1809 interruptio.
498 1757 554 1798 55
589 1758 699 1809 par]
727 1770 901 1796 amarum
938 1770 1009 1808 pro
1049 1769 1190 1796 amaro.
1247 1754 1301 1796 57
1341 1755 1544 1806 expectat]

134 1867 136 1870 y
195 1818 420 1856 admiratur.

808 1899 871 1950 111,
899 1897 935 1936 2.

284 1971 385 2009 Dum
411 1970 554 2021 gratias
582 1970 658 2008 sibi
684 1969 825 2008 relatas
852 1969 1000 2007 Thraso
1032 1981 1103 2019 per
1134 1969 1350 2018 parasitum
1376 1967 1546 2006 Gnatho-

195 2042 286 2068 nem
311 2030 460 2068 audivit
480 2042 498 2067 a
521 2029 667 2067 Thaide
693 2041 765 2079 pro
791 2028 931 2079 puella,
957 2027 1145 2078 pergebat
1171 2027 1217 2065 ad
1244 2027 1403 2065 domum
1428 2026 1544 2065 illius.

194 2101 285 2127 mox
313 2101 357 2126 eo
379 2090 559 2126 veniente
588 2100 676 2126 cum
702 2089 872 2138 parasito
901 2086 945 2124 ad
969 2086 1128 2125 domum
1148 2086 1307 2124 Thaidis
1327 2085 1392 2124 illa
1410 2098 1546 2124 vocem

195 2149 422 2198 recognovit
439 2147 576 2185 militis
593 2148 707 2197 eique
727 2145 1009 2197 gratulabunda
1028 2145 1180 2183 obviam
1197 2146 1391 2195 processit
1409 2144 1544 2183 dicens

290 2311 312 2340 4
338 2306 567 2353 deserviunt]
595 2306 767 2341 deferunt
791 2308 839 2341 D.
964 2309 1008 2339 14
1034 2304 1221 2350 omnibus]
1256 2302 1468 2338 nominibus
1494 2305 1544 2348 D,

195 2354 367 2414 manibus
393 2355 447 2390 M.
912 2360 915 2363 ·
1245 2352 1251 2359 '
