1681 2576
222 146 243 185 1
253 145 305 186 16
635 144 927 179 Commentarius
953 144 1149 188 antiquior.

219 257 329 308 tium,
361 255 523 293 infantia
550 260 588 293 et
619 256 787 306 pueritia
816 255 963 307 ludum,
996 255 1260 294 adulescentia
1286 268 1470 309 amorem,
1502 259 1561 297 iu-

219 319 358 353 ventus
392 314 663 366 ambitionem,
696 319 876 353 senectus
911 316 1082 365 quietem
1116 315 1159 352 E.
1221 312 1249 352 4
1280 316 1558 366 moderantur]

220 375 454 425 metiuntur,
495 373 744 423 perpendunt
773 386 855 411 nos.
920 373 944 412 8
977 375 1047 413 ubi
1078 373 1249 423 adbibit]
1282 379 1489 425 postquam
1520 387 1561 414 se

221 433 519 482 ingurgitaverit
543 433 633 469 vino
659 433 697 470 C.
750 430 803 471 10
828 431 970 481 surdo]
999 434 1087 483 quia
1115 432 1211 470 nihil
1238 445 1331 471 curo
1358 433 1404 471 de
1431 433 1562 472 verbis

172 500 192 530 5
221 493 345 542 ipsius
371 503 443 529 nec
470 503 605 529 aurem
631 491 891 530 accommodo.
936 489 989 530 13
1015 504 1181 530 suarum
1208 504 1344 530 rerum
1369 498 1432 531 sat
1458 492 1559 542 aqit]

217 552 258 588 in
291 562 361 588 sua
398 554 508 601 parte
543 551 636 588 satis
670 555 771 588 amat
808 551 927 588 CBE
962 549 1016 600 [D
1042 553 1143 589 add:
1181 550 1241 588 vel
1272 556 1375 602 agat,
1414 552 1467 589 Ε.
1501 551 1561 589 vel

219 610 312 647 satis
350 608 457 659 agit]
525 606 578 648 15
614 608 772 658 potens]
816 608 993 659 superba.
1062 609 1240 659 procax]
1286 610 1560 662 inverecunda,

177 717 181 720 -
218 669 438 719 appetitrix.
495 667 729 717 maynifica]
761 680 958 718 pomposa.
1014 668 1259 718 sumptuosa]
1287 670 1427 707 nimios
1456 682 1560 707 sum-

217 732 307 778 ptus
335 727 571 778 expendens.
636 725 689 766 16
717 726 876 776 rele'yio]
909 728 1038 779 timor,
1070 732 1197 765 metus
1224 729 1268 765 E.
1325 730 1496 766 ironicos
1523 734 1558 766 et

150 796 191 825 10
219 782 531 838 11egand0,'quia
564 797 642 823 non
675 791 735 823 est
767 785 916 837 religio,
950 785 1017 824 sed
1050 786 1294 825 contumelia.
1339 788 1429 825 CM.

836 903 881 955 H>
908 902 944 941 2.

306 975 502 1013 Tristatur
521 973 645 1012 Clinia
665 986 723 1026 eo,
744 974 845 1024 quod
867 974 1040 1012 tardaret
1059 976 1192 1013 venire
1214 976 1298 1013 eius
1318 976 1440 1013 amica
1453 975 1560 1013 Anti-

216 1033 333 1086 phila,
353 1033 456 1072 unde
471 1033 645 1084 loquitur
659 1045 748 1071 cum
763 1032 994 1084 Clitiphone.
1026 1032 1050 1072 3
1066 1033 1314 1084 exaugeam]
1331 1034 1560 1072 diminuant.

219 1093 241 1132 7
273 1092 500 1142 praesayit]
535 1092 778 1142 praedivinat
804 1092 850 1130 de
876 1092 1083 1143 Antiphila.
1135 1090 1160 1131 9
1190 1095 1351 1142 quando
1378 1092 1467 1142 ela]
1496 1092 1561 1130 de-

150 1162 190 1191 15
222 1152 392 1190 siderate
416 1151 598 1202 loquitur.
646 1149 698 1189 11
722 1153 814 1190 dum
835 1151 1069 1202 moliuntur]
1098 1152 1190 1190 dum
1216 1152 1402 1190 festinant
1428 1153 1561 1190 conari

178 1231 186 1238 ·
219 1216 257 1249 et
289 1215 425 1249 contra
456 1212 560 1248 vires
593 1210 740 1261 aliquid
772 1210 966 1249 laboriose
999 1211 1138 1249 facere.

836 1328 882 1380 11,
908 1326 945 1366 3.

305 1400 349 1439 In
384 1400 584 1438 redeundo
618 1400 738 1450 Syrus
774 1399 1006 1450 loquebatur
1038 1412 1127 1437 cum
1158 1399 1352 1437 Dromone
1385 1398 1490 1437 istud
1523 1404 1561 1437 et

219 1464 277 1497 est
309 1458 473 1510 abrupta
506 1461 710 1497 sententia.
761 1460 841 1497 ΟΕ.
903 1458 1002 1496 Dum
1033 1460 1136 1496 inter
1169 1470 1209 1496 se
1243 1457 1560 1508 colloquerentur

147 1527 190 1557 20
218 1518 342 1557 Clinia
366 1523 403 1556 et
424 1517 592 1569 Clitipho
618 1519 895 1556 ratiocinantes
916 1530 964 1556 ex
990 1529 1120 1556 amore
1142 1516 1301 1568 Cliniae7
1328 1529 1397 1555 cur
1416 1516 1558 1554 Dromo

218 1583 256 1615 et
288 1577 409 1628 Syrus
441 1589 571 1615 moras
603 1578 788 1629 facerent,
820 1576 989 1627 Clitipho
1021 1577 1118 1614 vidit
1149 1576 1385 1614 Dromonem
1416 1577 1492 1614 una
1522 1581 1559 1613 et

218 1638 358 1687 Syrum
391 1638 432 1674 in
463 1639 688 1675 reversione
721 1636 987 1686 colloquentes
1021 1648 1068 1674 ex
1100 1635 1313 1686 Antiphila,
1346 1647 1444 1685 quae
1477 1640 1559 1673 erat

217 1695 353 1734 relicta
391 1708 411 1733 a
450 1695 584 1747 dorso,
626 1702 664 1734 et
702 1700 863 1746 repente
902 1695 1106 1734 audierant
1144 1694 1268 1733 Clinia
1306 1698 1344 1732 et
1379 1693 1558 1744 Clitipho,

219 1754 385 1805 qualiter
429 1756 534 1792 inter
578 1767 618 1793 se
665 1754 846 1793 dicebant
893 1756 997 1805 ipsas
1044 1755 1207 1792 amissas
1251 1764 1338 1791 esse
1382 1752 1558 1804 feminas,

148 1821 192 1852 25
217 1818 380 1864 propter
412 1826 508 1863 quas
540 1818 800 1863 perrexerunt
826 1814 968 1851 DEM.
1025 1811 1046 1852 1
1082 1811 1302 1861 caedimus]
1336 1812 1559 1862 miscemus,

219 1872 440 1910 dividimus.
498 1871 522 1911 8
552 1872 660 1922 dum]
695 1872 819 1910 adhuc
845 1871 905 1910 vel
938 1871 1120 1922 syllabica
1151 1871 1326 1909 adiectio.
1386 1868 1437 1909 17
1466 1882 1557 1909 6072-

219 1931 490 1981 locupletasti]
524 1931 683 1969 divitem
706 1932 833 1969 fecisti
857 1930 1020 1969 aliorum
1046 1930 1170 1968 bonis.
1210 1929 1384 1980 locuples
1404 1929 1558 1980 dicitur,

220 1991 288 2041 qui
313 1991 355 2028 in
380 1990 513 2028 multis
540 1990 636 2028 locis
662 1992 932 2041 possessiones
964 1989 1080 2028 habet
1112 1994 1150 2027 et
1181 1988 1289 2027 villas
1322 1988 1373 2037 Cf.
1399 1990 1558 2027 Festum

215 2061 283 2098 [29.
303 2050 394 2087 119.
439 2051 584 2089 Isidor.
611 2050 661 2097 Χ,
692 2050 780 2088 155.
844 2047 900 2087 20
931 2051 1128 2087 monuisse
1161 2047 1339 2097 fruslra]
1379 2047 1483 2085 dolet
1519 2048 1557 2085 C.

149 2117 193 2146 30
222 2105 278 2146 34
305 2108 454 2158 pultat]
488 2108 616 2159 pulsat
648 2109 874 2159 frequenter
901 2109 999 2156 DM,
1037 2120 1107 2158 pro
1139 2107 1268 2158 pulsat
1298 2107 1378 2145 ΟΕ.
1437 2104 1490 2145 36
1517 2118 1558 2144 se

220 2166 408 2216 coniecit]
449 2180 537 2205 cum
576 2169 725 2218 impetu
763 2180 803 2205 se
842 2168 1007 2218 proiecit
1037 2166 1097 2204 vel
1133 2168 1171 2204 vi
1207 2167 1375 2204 intravit.
1438 2163 1555 2204 37—

220 2224 275 2265 46
302 2223 426 2277 <ordo
449 2226 550 2277 cst>z
579 2226 684 2264 obdit
712 2226 924 2278 pessulum,
952 2226 1052 2264 redit
1073 2225 1118 2263 ad
1140 2225 1276 2263 lanam.
1314 2224 1382 2262 ubi
1401 2223 1557 2262 mulieri

316 2343 358 2372 10
385 2340 487 2385 quia]
516 2341 614 2374 certe
641 2340 694 2375 M.
804 2343 847 2374 32
874 2340 962 2374 ordo
990 2341 1045 2374 est
1070 2339 1209 2374 addidi.
1258 2342 1341 2384 p'ost
1366 2337 1490 2372 lanam
1517 2340 1556 2372 in

221 2386 259 2420 D
284 2388 521 2432 irrepserunt:
560 2387 613 2422 ibi
638 2387 882 2432 interruptum
909 2389 975 2421 est.
