1681 2576
549 59 691 94 Andria
715 59 776 104 m,
797 59 938 103 2—HI,
959 63 990 94 4.
1387 60 1441 101 87

101 171 296 210 tellexisti.
360 169 414 210 29
451 169 670 220 posterius]
706 170 922 220 postmodo.
986 167 1041 209 35
1073 170 1342 221 obstetricem]
1377 170 1443 208 ob-

101 232 240 269 stetrix
279 230 422 268 dicitur
459 229 505 268 ab
545 228 752 281 obstando,
794 241 838 267 eo
881 229 983 279 quod
1023 228 1151 268 obstet
1190 241 1358 280 puerum
1397 229 1442 268 ab

76 301 180 328 >uno
215 291 256 328 in
291 289 406 328 aliud.
470 286 525 327 36
557 287 781 337 moventur]
820 287 860 326 id
893 293 952 326 est
989 288 1258 339 impediuntur
1290 288 1351 327 vel
1381 300 1442 327 re-

98 353 317 387 moventur.
379 344 437 386 44
469 359 603 386 secum
641 346 824 397 loquitur.
886 344 942 386 49
976 346 1096 397 alias]
1140 347 1215 386 alio
1253 352 1441 398 tempore.

100 406 155 446 52
194 405 414 457 Chremem]
451 406 562 444 video
595 405 654 444 vel
686 405 820 444 haheo.
877 411 983 444 certe
1015 406 1127 445 video
1160 408 1290 458 ipsum
1322 406 1441 445 Chre·
1493 413 1513 444 5

98 470 244 505 metem
274 467 498 504 venientem
529 466 615 516 ipso
647 469 822 516 tempore
855 464 894 502 id
928 469 986 503 est
1018 467 1058 503 in
1096 467 1181 516 ipsa
1214 467 1442 517 opportuni-

100 530 191 578 tate,
224 526 314 576 quia
346 524 393 563 ad
425 536 515 563 eum
546 523 660 562 iham.

707 641 769 694 111,
797 640 832 680 3.

188 713 288 752 Dum
319 713 493 764 loquitur
520 712 625 751 Simo
660 725 805 765 secum,
838 712 941 763 quod
973 718 1158 763 pergeret
1184 713 1228 751 ad
1258 713 1442 752 Chreme-

98 778 190 825 tem,
218 777 262 811 ut
287 774 516 823 impetraret
542 772 661 810 filiam
688 774 785 824 eius,
804 772 902 810 vidit
929 784 1018 810 euni
1037 773 1261 810 venientem
1282 778 1320 811 et
1341 772 1441 812 salu-
1471 780 1512 810 10

98 833 193 885 tavit
225 844 325 870 eum.
371 843 563 882 quaerens
596 836 635 870 et
666 832 750 882 ipse
778 831 964 870 Chremes
991 830 1191 869 Simonem
1216 829 1440 882 <ait>DM

102 889 123 930 1
162 889 294 941 iubeo]
328 890 424 928 volo.
486 889 746 940 Chremetem]
784 890 932 929 salvere
967 891 1011 938 C,
1051 889 1199 928 salvum
1231 903 1318 929 esse
1351 892 1441 930 DE.

99 948 252 1000 optato]
286 949 503 988 secundum
530 949 633 1000 quod
660 949 849 1000 optabam.
908 947 932 987 3
960 948 1059 999 viso]
1089 949 1221 988 videre
1249 949 1442 989 desidero.

101 1007 153 1047 11
183 1008 371 1058 futurae]
405 1009 632 1047 destinatae.
681 1007 734 1047 12
768 1007 1004 1058 impetrare]
1037 1010 1266 1059 promereri.
1314 1007 1369 1047 14
1402 1012 1439 1048 in

98 1066 237 1118 remst]
270 1067 365 1106 utile
394 1073 453 1106 est
479 1069 514 1106 D
548 1067 657 1118 [eet..·
689 1067 736 1105 ad
768 1067 977 1106 utilitatem
1008 1067 1209 1118 pertinet]
1262 1066 1316 1107 16
1349 1080 1440 1108 eon·
1471 1075 1513 1106 15

99 1125 225 1177 salas]
258 1126 464 1177 provideas
491 1131 530 1164 et
556 1126 732 1164 consulte
760 1139 860 1177 agas.
918 1123 974 1165 20
1001 1129 1089 1165 irae
1114 1126 1224 1177 sunt]
1258 1129 1342 1178 ipse
1369 1127 1440 1166 hoc

100 1187 343 1237 excogitavit,
375 1191 417 1224 ut
448 1190 582 1236 posset
608 1187 819 1236 impetrare
846 1185 975 1223 filiam.
1025 1183 1078 1224 21
1108 1185 1248 1236 avelli]
1282 1185 1368 1225 illos
1396 1186 1441 1225 al»

98 1245 277 1283 invicem.
341 1242 395 1283 23
429 1244 664 1294 inteyratz'o]
703 1246 919 1296 renovatio,
955 1246 1197 1283 instamatio.
1261 1244 1315 1285 28
1349 1258 1441 1285 6072-

97 1302 326 1354 suetudine]
350 1316 425 1342 usu
445 1304 601 1355 amoris,
626 1303 902 1355 familiaritate,
929 1316 1044 1354 quam
1067 1303 1185 1342 habet
1205 1317 1294 1343 eum
1321 1317 1441 1343 uxore

99 1374 178 1401 sua.
228 1360 281 1402 38
309 1361 534 1413 principio]
567 1364 758 1414 inprimis.
803 1360 857 1402 41
887 1362 1089 1413 claude'er]
1123 1363 1317 1415 impediri,
1351 1376 1441 1402 con·
1470 1370 1513 1401 20

100 1421 216 1460 cludi.
266 1419 324 1459 44
356 1421 546 1472 intumus]
586 1421 876 1461 consecretalis.
927 1419 981 1460 47
1016 1428 1098 1461 tute
1130 1422 1249 1472 adeo]
1283 1428 1326 1461 tu
1358 1424 1441 1474 ipse

100 1485 217 1518 certe.
273 1479 388 1530 heus]
422 1480 650 1519 adverbium
682 1482 867 1532 vocantis,
901 1482 1092 1519 convertit
1125 1493 1166 1519 se
1199 1481 1245 1519 ad
1280 1493 1382 1520 suos.

706 1609 768 1662 111,
794 1607 833 1648 4.

187 1680 399 1732 Postquam
441 1681 547 1719 Simo
588 1682 788 1732 praecepit
829 1682 929 1732 suis,
975 1685 1018 1719 ut
1058 1687 1263 1720 vocaretur
1302 1681 1442 1734 Davus,

98 1741 167 1791 qui
196 1740 464 1778 manifestaret
489 1739 727 1778 voluntatem
759 1739 828 1778 filii
860 1740 906 1778 de
934 1741 1094 1792 nuptiis,
1123 1741 1326 1779 inveniens
1353 1754 1443 1779 eum
1470 1748 1514 1779 25

98 1798 212 1837 dixit:
251 1804 366 1850 atque
399 1811 545 1837 eccum.
604 1797 628 1838 3
662 1798 752 1849 eqo]
786 1800 978 1837 convertit
1010 1811 1051 1837 se
1084 1799 1131 1837 ad
1163 1799 1320 1838 Davum.
1372 1802 1443 1839 abs

99 1857 154 1908 te]
188 1871 207 1896 a
237 1863 359 1897 temet
390 1859 486 1909 ipSQ,
537 1857 562 1898 6
591 1857 710 1908 adeo]
743 1858 919 1897 multum.
968 1856 992 1896 9
1021 1857 1126 1909 vide]
1161 1871 1276 1909 quam
1303 1865 1442 1911 astute,

100 1916 375 1955 subsannando
402 1917 510 1956 dixit.
557 1915 607 1956 11
642 1916 747 1967 hem]
782 1929 925 1956 seeum.
975 1915 1028 1956 18
1063 1917 1270 1968 inritatus]
1304 1930 1441 1969 provo-

99 1980 209 2014 catus
243 1981 302 2014 est
334 1981 467 2014 contra
500 1975 733 2027 Glycerium.
788 1974 841 2015 21
876 1978 975 2025 quid
1005 1976 1208 2026 causaest]
1249 1977 1342 2027 quid
1376 1977 1442 2015 ob-

100 2039 185 2073 stat.
249 2032 304 2074 25
336 2034 440 2085 hem]
475 2036 689 2074 irascendo,
1469 2044 1513 2075 30

198 2163 218 2193 6
258 2159 338 2204 ipso
375 2161 541 2205 tempore
585 2181 629 2186 —-
678 2160 716 2195 in
755 2172 819 2195 om.
859 2160 907 2195 D.
1078 2164 1097 2194 9
1135 2160 1349 2205 loqueretur
1388 2162 1441 2198 M.

101 2210 142 2241 11
177 2206 363 2242 Simonem
396 2207 465 2252 ait]
505 2207 604 2243 Simo
637 2209 694 2242 est
727 2208 777 2251 D,
816 2207 1002 2242 Simonem
1038 2208 1090 2243 M.
1226 2212 1282 2243 25.
1310 2213 1354 2243 26
1387 2209 1441 2243 in-

99 2253 250 2288 veniens
278 2265 361 2290 eum
387 2251 497 2300 dixit]
536 2254 688 2290 veniens
713 2255 836 2299 inquit
861 2255 909 2289 ad
935 2266 1028 2290 eum.
1068 2255 1169 2291 DM.
1286 2260 1329 2290 ‘23
1357 2256 1443 2291 sub-

99 2301 267 2336 sanando
295 2302 348 2336 M.
