1681 2576
612 72 642 102 4.
675 67 735 101 Ad
759 66 954 111 Hecyram.
1408 66 1460 107 73

116 177 360 216 verecundae
392 189 532 229 nurus,
564 176 788 215 lenissimus
821 178 861 214 in
894 188 1057 214 uxorein
1088 177 1270 228 maritus,
1307 175 1461 214 deditus

115 238 233 275 matri
266 235 381 287 filius,
413 236 600 274 meretrix
631 234 742 273 hona.
788 235 833 272 E.

84 302 85 305 ’
205 294 295 333 Hec.
310 294 407 345 prol.
426 293 446 332 1
465 293 601 332 subtili
614 295 739 331 utitur
753 294 1048 344 conquestione,
1062 305 1110 330 ne
1126 298 1259 343 aperte
1274 292 1462 343 populum

117 353 316 404 neglectae
338 352 488 391 fabulae
509 364 621 390 reum
641 351 755 390 faciat
775 356 812 389 et
833 353 872 389 in
893 352 1064 389 favorem
1085 351 1195 390 facile
1216 351 1388 390 reducat.
1416 352 1462 390 E.

207 435 261 439 —
290 434 344 438 -—
370 410 553 460 Hecyra]
575 423 595 448 a
615 411 772 448 nomine
794 411 934 462 coepit,
960 415 1002 448 ut
1021 411 1260 460 incognitam
1279 409 1463 461 probaret
1513 416 1534 448 5

117 476 155 508 et
186 470 274 508 ideo
308 469 568 520 spectandam.
614 470 658 507 E.

206 551 260 555 —
288 551 342 554 —
376 527 527 577 datast]
567 527 650 566 dari
682 527 842 579 dicitur,
881 527 973 565 duni
1009 528 1136 578 agitur
1168 527 1313 579 sabula,
1346 532 1462 579 stare,

117 587 209 625 dum
240 586 376 637 placet.
424 587 470 624 E.

206 667 260 671 —
289 644 313 683 2
347 647 483 684 vitium
516 649 554 684 et
585 644 813 694 calamilas]
847 645 997 696 vitium,
1030 644 1133 695 quod
1159 656 1238 682 non
1266 649 1326 683 est
1352 656 1462 695 spec-

118 709 208 756 tata,
240 703 451 755 calamitas,
484 703 587 754 quod
619 716 697 741 non
730 704 894 754 cognita.
940 704 984 742 E.
1491 710 1534 742 10

206 785 259 789 —
283 760 307 801 3
334 767 379 801 ut
409 774 537 811 neque
567 764 748 812 spectari
771 762 862 811 eta]
897 761 1072 800 defensio
1095 793 1101 800 .
1123 774 1201 800 non
1228 761 1372 800 iudicio
1400 774 1462 799 co—

116 821 269 859 moedia
302 825 435 859 exacta
468 826 538 859 est.
584 822 628 859 E.

207 902 261 906 —-
283 902 337 906 —
363 878 560 929 spectari]
589 884 829 930 spectatores
857 879 944 917 ideo
972 884 1010 917 et
1036 884 1200 930 actores,
1227 879 1317 929 quia
1339 879 1464 916 maior

118 950 209 989 pars
242 939 282 976 in
315 943 428 988 gestu
459 943 519 976 est
552 950 667 988 quam
698 939 739 976 in
771 937 911 976 verbis.
958 939 1001 976 E.

207 1019 261 1023 -—
288 994 316 1034 4
348 999 404 1035 ita
432 999 604 1046 populus
636 996 727 1046 etan]
755 1009 776 1034 a
802 996 1043 1035 derivatione
1070 1008 1219 1034 causae.
1267 1008 1346 1034 non
1373 996 1464 1046 quia
1492 1004 1535 1035 15

119 1055 219 1094 mala
251 1060 323 1106 est,
355 1054 512 1093 exclusa
546 1060 617 1107 est,
650 1055 718 1093 sed
751 1056 840 1105 quia
872 1055 1038 1106 populus
1072 1055 1263 1105 stupidus.
1308 1055 1354 1092 E.

206 1136 261 1140 —
289 1112 314 1152 8
342 1113 462 1163 alias]
490 1115 588 1152 mire
615 1113 671 1151 illi
697 1115 796 1164 petit
822 1114 993 1152 favorem
1024 1126 1070 1152 ex
1097 1113 1195 1165 aliis,
1228 1126 1326 1164 quae
1354 1125 1463 1164 spec-

115 1173 232 1210 tatori
264 1177 377 1210 notae
411 1178 511 1210 sunt.
556 1173 602 1211 E.

209 1253 263 1257 ——
290 1230 387 1281 prol.
408 1230 453 1283 II,
476 1229 497 1269 1
527 1230 733 1269 Subtiliter
764 1243 863 1268 novo
890 1237 1027 1281 poetae
1055 1230 1238 1268 Terentio
1266 1243 1286 1268 a
1311 1235 1464 1268 vetusto

117 1290 265 1341 petitur
285 1289 508 1340 exemplum
527 1301 689 1340 magnae
710 1291 966 1341 auctoritatis,
987 1289 1167 1341 Caecilio,
1191 1294 1230 1327 et
1248 1290 1464 1339 ingeniose.
1492 1298 1537 1330 20

118 1360 208 1386 nam
235 1347 338 1398 quod
374 1348 463 1386 rudi
489 1348 673 1386 Terentio
695 1348 827 1400 semel,
859 1349 1021 1399 contigit
1052 1349 1177 1386 veteri
1203 1360 1330 1399 saepe,
1363 1347 1466 1398 quod

120 1406 215 1445 huic
259 1411 383 1445 actam
421 1412 460 1444 et
496 1406 712 1458 probatam,
749 1406 806 1445 illi
843 1408 985 1457 partim
1017 1411 1193 1445 exactam
1229 1408 1372 1457 partim
1403 1408 1467 1444 vix

120 1464 334 1516 probatam.
372 1464 433 1503 liis
466 1464 648 1503 omnibus
681 1467 922 1516 argumentis
955 1470 1083 1503 actum
1116 1470 1193 1516 est,
1231 1470 1274 1503 ut
1306 1477 1384 1503 non
1417 1466 1468 1503 sit

120 1523 407 1574 desperandum
440 1523 486 1562 de
520 1523 722 1576 Terentio,
760 1524 863 1574 quod
896 1523 1081 1574 expulsus
1114 1529 1191 1575 est,
1226 1528 1268 1562 ut
1300 1535 1370 1574 par
1402 1524 1468 1561 liat

120 1581 288 1620 Caecilio
321 1587 387 1620 aut
418 1581 567 1620 melior.
612 1583 656 1620 E.
1493 1591 1536 1623 25

209 1662 263 1667 —
286 1662 340 1666 —
363 1638 388 1679 3
415 1652 492 1689 quo
519 1643 608 1680 iure
634 1640 726 1690 ela]
753 1653 823 1691 per
849 1640 1024 1691 exempla
1051 1640 1223 1679 ostendit
1248 1653 1325 1679 non
1351 1646 1465 1691 turpe

120 1711 206 1738 esse
241 1698 439 1737 exclusam
465 1711 582 1737 unam
609 1699 782 1737 Terentii
810 1698 990 1751 fabulam,
1022 1711 1110 1738 cum
1136 1699 1347 1738 multorum
1374 1711 1465 1750 poc-

118 1764 246 1796 tarum
278 1763 434 1796 exactae
467 1759 555 1796 sint.
600 1759 646 1795 E.

208 1838 263 1842 —
284 1838 338 1842 —
363 1814 416 1854 12
437 1815 616 1866 perfeci]
643 1821 686 1855 ut
711 1815 853 1854 molem
880 1816 1119 1855 difficultatis
1147 1816 1382 1855 ostenderet.
1420 1817 1464 1854 E.

210 1896 264 1901 —
286 1897 340 1901 —-
363 1897 417 1901 —-
444 1876 514 1914 ube·
537 1880 629 1914 sunt
650 1874 853 1925 coquitae]
876 1875 1032 1926 elegans
1052 1877 1274 1928 promissio,
1296 1876 1407 1926 qnasi
1428 1880 1466 1913 ct
1492 1885 1536 1916 30

122 1933 221 1971 lianc
253 1932 496 1986 placituram,
528 1934 562 1971 si
594 1935 748 1984 cognita
781 1934 908 1972 suerit.
953 1935 998 1972 E.

212 2013 265 2017 —
288 2013 341 2017 ——
366 1989 419 2030 13
447 1994 504 2030 ita
531 1991 708 2041 poetam]
742 2004 820 2030 non
853 1992 1077 2044 Caecilium,
1110 1998 1152 2031 ut
1184 1992 1255 2030 lioc
1289 1992 1467 2031 videatur

122 2051 381 2088 communiter
412 2050 554 2101 populo
586 2052 842 2101 praestitisse.
895 2052 938 2089 E.

211 2131 265 2135 —
288 2131 342 2135 —
365 2130 419 2134 —
446 2108 622 2158 restitui]
650 2109 820 2148 ostendit
845 2109 988 2160 populo
1017 2123 1056 2147 se
1078 2111 1285 2162 profuisse,
1311 2115 1465 2161 poetam

121 2167 167 2205 ad
200 2167 371 2205 laborem
404 2179 618 2206 revocasse.
664 2169 708 2205 E.
1491 2177 1537 2208 35

216 2295 237 2325 3
264 2291 456 2336 questione
489 2291 606 2337 Umpf.
705 2295 749 2326 29
776 2302 840 2327 om.
874 2292 992 2337 Umpf.
