1681 2576
185 74 205 114 1
213 73 268 115 48
597 72 622 108 C
627 72 890 108 ommentarius
918 72 1116 117 antiquior.

804 184 845 235 V,
873 183 910 222 2.

270 255 488 305 Phidippus
509 254 722 304 alloquitur
735 257 931 293 nutricem
945 254 1102 305 pueruli
1121 254 1386 294 Philumenae.
1420 254 1445 293 2
1467 258 1534 295 de—

179 314 293 364 fieri]
322 314 470 352 deesse.
521 311 548 351 5
576 313 750 363 deierat]
784 315 898 352 iurat.
952 311 1006 352 10
1033 315 1140 362 quod
1170 315 1277 352 aliae
1301 317 1534 353 meretrices

181 373 325 421 faeere
347 371 546 421 fuqz'tcmt]
574 376 618 410 ut
646 373 728 410 suis
749 372 988 410 amatoribus
1003 384 1147 410 uxores
1168 371 1388 411 concilient.
1424 371 1477 411 12
1494 375 1535 412 in

136 440 158 470 5
185 445 231 470 re
252 430 356 480 ipsa]
379 432 420 468 in
441 432 525 481 ipsa
544 432 720 469 veritate.
773 429 827 471 16
849 430 1037 480 discidio]
1061 432 1318 481 separatione.
1353 430 1405 470 17
1429 434 1537 480 quod

182 493 281 529 salis
329 492 396 536 sit,
441 488 586 539 faciet]
637 489 677 527 id
722 496 781 528 est
819 490 1031 528 satisfaciet
1071 492 1138 527 eis.
1214 488 1268 528 29
1309 490 1533 540 dispendio]

184 549 336 587 damno.
394 547 447 586 31
482 547 584 598 rem]
618 548 931 587 familiaritatem.

806 677 847 728 V,
875 675 911 715 3.

272 749 465 788 Parmeno
494 760 630 786 servus
651 748 748 786 dure
770 748 914 800 ferens7
940 748 1045 799 quod
1071 748 1215 786 frustra
1236 760 1325 787 eum
1346 750 1386 786 in
1407 761 1538 787 arcem

117 816 159 847 10
186 809 384 847 direxerat
421 806 666 858 Pamphilus,
704 808 917 845 revertitur
959 807 1094 846 dicens
1128 820 1271 846 secum.
1324 806 1349 845 2
1383 807 1538 857 desedi]

185 867 352 919 perdidi.
404 865 431 905 ἴ)
462 865 572 915 dum]
601 866 738 904 adhuc.
790 863 846 904 10
878 866 1072 916 propere]
1103 866 1300 904 velociter.
1353 864 1406 905 12
1438 868 1539 905 (ἰθεῖ-

186 926 277 976 nas]
311 938 382 977 pro
416 925 564 963 desine.
629 923 683 962 22
717 924 886 974 exsolvi]
919 924 1094 963 liberavi.
1159 923 1216 963 24
1241 930 1358 964 noete
1385 926 1538 975 prima]

186 987 314 1036 prima
334 984 466 1035 vigilia
492 985 619 1021 noctis
645 984 683 1022 C.
740 982 793 1022 27
823 983 1006 1034 obsecro]
1034 983 1283 1022 blandientis.
1336 982 1390 1022 39
1419 984 1539 1034 comi]

190 1049 277 1095 apto
311 1049 349 1082 et
381 1043 552 1093 eleganti
585 1044 665 1081 sive
697 1047 874 1081 venusto.

119 1182 161 1211 15
811 1171 852 1223 V,
877 1169 916 1209 4.

277 1244 563 1283 Parmenonem
590 1243 803 1293 alloquitur
821 1242 1048 1293 Pamphilus
1075 1242 1122 1281 de
1148 1242 1222 1294 his,
1250 1255 1348 1293 quae
1376 1244 1413 1280 ei
1434 1255 1543 1281 man-

189 1305 346 1343 daverat
377 1302 542 1341 Bacchis
574 1314 646 1352 per
680 1303 820 1352 ipsum.
867 1300 891 1339 2
927 1301 1124 1351 conicias]
1158 1303 1358 1340 immittas
1411 1300 1464 1340 12
1493 1303 1543 1340 ab

189 1361 303 1412 orco]
333 1361 379 1400 ab
402 1362 568 1413 inferno7
600 1373 621 1398 a
641 1361 809 1398 maxima
829 1361 1002 1398 tristitia.
1042 1363 1082 1399 in
1108 1359 1253 1410 lucem]
1282 1362 1324 1398 in
1344 1360 1542 1399 laetitiam.

192 1420 243 1461 17
274 1420 406 1470 volup]
435 1419 729 1458 delectabiliter.
776 1417 829 1457 19
853 1418 1063 1469 voluptati]
1085 1419 1349 1457 delectationi.
1395 1419 1540 1469 obitus]

118 1488 162 1519 ‘20
191 1492 390 1519 occursus,
419 1478 472 1517 21
487 1478 691 1527 blandior]
707 1479 871 1516 suavior.
900 1475 957 1515 24
965 1477 1241 1528 perliberalis]
1255 1478 1541 1516 honestissima.

191 1538 246 1579 26
268 1542 308 1578 in
324 1537 530 1587 comediis]
553 1539 593 1575 in
614 1536 965 1575 comessationibus
988 1536 1057 1586 [ef.
1072 1549 1156 1576 var.
1172 1539 1259 1576 lect.
1274 1536 1382 1587 BP]
1417 1535 1470 1575 32
1483 1533 1544 1576 ‘ex

190 1596 405 1647 sententia]
435 1609 481 1635 ex
513 1602 612 1634 voto.
660 1594 713 1635 38
742 1608 794 1634 cm
821 1602 970 1635 temere
990 1595 1081 1646 eta]
1111 1608 1158 1633 an
1186 1596 1356 1634 facerem
1382 1595 1543 1647 aliquid,

193 1657 296 1708 quod
316 1668 394 1695 non
414 1661 566 1694 rectum
587 1660 625 1693 et
645 1656 817 1705 peritum
838 1652 918 1692 sit?
938 1656 1073 1698 ,omnia
1095 1656 1200 1692 enim
1220 1656 1346 1705 perite
1367 1655 1466 1693 facio
1489 1656 1543 1693 M.

194 1715 264 1765 [cf.
286 1729 370 1754 var.
392 1718 479 1754 leet.
500 1714 562 1763 E]

124 1911 166 1941 ‘25
761 1905 969 1949 Adelphi.

698 1995 1043 2046 Argumentum.

285 2071 314 2112 4
334 2072 506 2123 Lepore]
535 2072 839 2123 pulchritudine.
886 2071 1005 2121 duro]
1035 2072 1196 2111 crudeli.
1241 2071 1365 2122 tristi]
1394 2084 1544 2123 aspero.

200 2133 221 2172 T
256 2131 406 2181 Zenoni]
442 2131 685 2170 conciliatori
718 2132 856 2182 stupri.
905 2131 1071 2180 eripuit]
1105 2133 1143 2169 vi
1175 2131 1334 2169 abstulit
1369 2137 1405 2170 et
1439 2131 1545 2169 dedit

197 2192 309 2230 fratri
342 2203 423 2229 suo.

294 2309 337 2339 14
364 2303 542 2349 eleganti]
570 2303 759 2347 eloquenti
785 2304 884 2338 DM.
