1681 2576
396 114 414 153 ξ
437 114 466 146 7.
505 111 558 146 De
585 111 702 146 altero
728 110 951 145 scholiorum
976 120 1120 155 genere.
1379 109 1434 151 47

89 222 128 261 V.
150 221 262 260 Thes.
278 234 363 260 nov.
379 221 459 260 Lat.
475 223 516 260 in
529 222 619 260 Maii
633 225 730 260 auct.
747 221 959 261 class.V111:
1059 221 1185 261 Schol.
1213 221 1386 261 Terent.:

89 282 191 319 seria
212 294 220 319 :
241 280 315 319 olla
1010 280 1121 319 Haut.
1142 280 1206 333 ΙΙΙ,
1229 279 1265 332 1,
1286 278 1353 320 51.

87 344 283 379 veterator
303 352 312 378 :
332 341 535 391 impostor,
567 340 808 390 excogitator
1010 340 1127 378 Andr.
1148 339 1194 391 ΙΙ,
1215 338 1253 391 6,
1275 338 1340 379 26.

88 398 292 438 arrabonis
313 411 321 436 :
341 398 606 436 vadimonium
1010 398 1122 437 Haut.
1144 398 1206 451 ΙΙΙ,
1227 397 1265 451 3,
1284 396 1353 438 42.

89 457 273 509 dispudet
293 470 301 495 :
321 456 430 495 valde
462 456 581 507 pudet
1010 456 1108 496 Eun.
1129 457 1170 509 V,
1193 456 1230 509 1,
1252 456 1317 497 16.

88 517 315 568 angiportus
336 529 344 554 :
365 517 499 554 stricta
531 517 590 554 via
1010 515 1106 554 Eun.
1128 516 1169 568 V,
1191 516 1228 569 2,
1250 516 1294 569 63

1069 575 1137 613 Ad.
1159 575 1217 627 IV,
1239 574 1276 627 2,
1298 574 1364 615 39.

88 639 201 685 tegna
223 646 231 671 :
252 634 357 672 fraus
391 640 429 671 et
461 633 638 684 deceptio
1009 632 1106 672 Eun.
1127 634 1186 686 IV,
1205 632 1244 686 4,
1265 632 1332 673 50.

88 692 229 744 oppido
250 705 258 730 z
278 692 387 731 valde
1008 691 1162 731 Phorm.
1184 693 1224 745 V,
1250 692 1286 746 1,
1308 692 1374 733 36.

86 753 233 803 potisso
268 747 343 805 (Ξ
370 747 539 804 pytisso)
562 765 570 789 :
592 752 821 802 frequenter
851 758 943 804 poto
1008 751 1119 790 Haut.
1140 752 1204 805 ΙΙΙ,
1227 751 1263 805 1,
1281 750 1349 793 48.

86 810 307 861 proluvimn
323 824 330 849 :
346 822 467 862 aquae
488 811 702 863 inundatio,
724 811 959 862 quodetiam

146 881 215 921 pro
252 869 463 908 cuiuslibet
500 871 559 908 rei
591 870 781 909 effusione
815 871 959 910 (licitur
1008 869 1075 908 Ad.
1097 870 1137 922 V,
1159 868 1197 922 9,
1219 869 1284 910 28.

87 930 262 979 apprime
284 941 292 967 :
312 928 422 967 valde
1007 927 1103 967 Eun.
1126 929 1166 981 V,
1185 927 1224 982 4,
1245 927 1311 968 30.

88 987 295 1026 silicernus
317 1001 324 1026 :
345 987 623 1040 moribundus,
662 989 773 1039 quasi
806 988 957 1028 silicem

145 1047 185 1084 id
218 1051 278 1085 est
309 1046 533 1097 sepulcrum
565 1059 731 1085 cernens
1010 1046 1077 1085 Ad.
1098 1046 1156 1099 IV,
1178 1046 1215 1100 2,
1235 1045 1302 1087 48.

86 1105 202 1144 tuber
239 1105 445 1156 aliquando
484 1107 644 1156 ponitur
682 1118 752 1157 pro
787 1106 959 1157 qualibet

144 1163 344 1203 inflatione
1010 1164 1076 1202 Ad.
1097 1164 1143 1216 ΙΙ,
1165 1164 1202 1217 2,
1224 1163 1290 1204 37.

103 1281 161 1320 VI.
195 1281 318 1320 Gloss
340 1283 457 1333 antiq.
480 1294 499 1320 e
521 1282 604 1321 eod.
620 1282 699 1320 Vat.
723 1279 817 1336 (Mai
837 1279 939 1337 VII):

87 1353 207 1393 aeque
241 1342 450 1392 quicquam
471 1354 478 1380 :
499 1341 597 1379 nihil
1007 1340 1124 1379 Andr.
1147 1340 1191 1393 ΙΙ,
1212 1340 1250 1393 6,
1271 1339 1307 1380 3.

86 1411 180 1438 nere
202 1413 210 1438 :
231 1399 339 1438 filare
1007 1399 1121 1438 Haut.
1140 1400 1185 1452 II,
1207 1399 1244 1452 3,
1264 1398 1331 1439 52.

86 1517 161 1556 Vll.
194 1518 401 1568 Speciinen
417 1517 540 1556 Gloss.
555 1524 628 1556 vet.
645 1530 691 1556 ex
707 1517 788 1556 cod.
804 1517 957 1556 Mediol.

410 1572 505 1630 (Mai
531 1573 632 1630 Vll):

87 1640 244 1674 accusat
267 1647 338 1686 par
363 1647 509 1687 parem,
542 1637 694 1674 incusat
723 1637 851 1674 minor
877 1647 958 1674 ma-
1010 1635 1162 1673 Phorm.
1184 1635 1246 1687 ΙΙΙ,
1275 1634 1311 1687 1,
1334 1634 1356 1675 7
1385 1637 1431 1675 of.

146 1696 269 1733 iorem
1069 1695 1250 1733 Servium
1277 1694 1323 1733 ad
1340 1694 1432 1733 Ver-

983 1771 985 1830 *
1069 1753 1131 1805 gil.
1159 1754 1250 1792 Aen.
1281 1753 1309 1806 Ι,
1334 1751 1432 1793 410.

88 1813 204 1851 sunus
237 1825 257 1851 a
291 1811 466 1864 funibus,
499 1824 596 1863 quae
629 1825 718 1851 cera
751 1813 871 1851 illitae
905 1813 985 1851 ihi=

146 1871 283 1910 ardent
982 1840 985 1920 Ι
1008 1872 1125 1910 Andr.
1146 1872 1173 1924 Ι,
1196 1869 1232 1923 1,
1255 1869 1349 1911 100.

177 1988 339 2027 Restant
371 1989 446 2028 duo
480 1989 667 2040 glossaria
700 1989 952 2042 Terentiana,
985 1989 1149 2028 alterum
1183 1989 1229 2028 ab
1261 1989 1434 2028 Wester-

87 2048 200 2086 hovio
229 2049 267 2086 in
294 2048 370 2086 line
397 2048 582 2087 editionis
603 2061 694 2088 suae
722 2049 882 2102 editum,
910 2049 1011 2100 quod
1039 2048 1287 2087 inscribitur:
1315 2045 1432 2098 ‘glos-

89 2108 235 2145 sarium
268 2119 406 2145 vocum
445 2108 687 2158 quarundam
724 2108 895 2159 apud‚P.
924 2108 1151 2146 Terentium
1185 2120 1230 2145 ex
1264 2112 1336 2146 vet.
1370 2120 1432 2146 co-

88 2163 202 2217 diee',
235 2165 399 2204 alterum
439 2166 585 2205 editum
622 2167 667 2205 ab
701 2166 859 2206 Goetzio
893 2169 932 2205 in
965 2166 1096 2205 Indice
1129 2166 1247 2204 schol.
1281 2166 1432 2205 lenens.

91 2222 215 2264 1885.
282 2224 495 2276 Utrumque
529 2224 748 2264 litterarum
781 2226 916 2264 ordine
950 2226 1184 2276 dispositum
1217 2230 1255 2263 et
1287 2237 1334 2263 ex
1367 2237 1432 2263 an-

88 2284 209 2334 tiquis
229 2282 341 2321 libris
357 2283 602 2323 Terentianis
618 2289 846 2337 excerptum
867 2284 1049 2336 plurimis
1070 2284 1164 2322 locis
1183 2296 1271 2323 cum
1286 2285 1433 2322 nostris

91 2341 249 2382 scholiis
274 2345 472 2396 congruit,
500 2343 567 2382 sed
589 2356 824 2395 quamquam
847 2356 914 2383 sua
936 2343 1116 2395 quodque
1137 2344 1296 2395 propria
1317 2355 1433 2394 quae-
