1681 2576
528 99 728 133 Eunuchus
754 99 798 142 H,
821 103 838 132 1
860 120 901 123 —
917 99 961 143 H,
983 102 1014 134 2.
1384 101 1439 142 99

32 230 35 233 -
91 214 190 262 erat,
240 211 404 260 insuper
453 211 625 248 rusticus
675 213 838 260 propter
886 209 1173 259 neglegentiam
1224 212 1439 250 exstiterat.

92 266 117 306 3
150 268 335 318 conveni]
381 267 531 306 obviavi
567 267 629 306 vel
669 267 860 306 allocutus
902 280 999 306 sum.
1053 266 1082 306 4
1123 270 1437 320 abliyurrz'erctt]

93 320 390 377 'consumpserat
416 327 464 378 E,
496 327 748 365 devoraverat
779 328 861 374 OG,
894 327 1147 365 devoraverat
1179 327 1439 367 substantiam

91 398 211 424 suam.
257 385 469 436 abligurrio
509 390 567 423 est
605 398 744 436 parum
782 390 906 436 gusto,
951 386 1015 423 hic
1048 398 1118 436 pro
1152 386 1338 425 devorare
1369 400 1438 438 po-

93 446 200 482 nitur
226 445 372 483 DMG.
428 442 455 483 5
486 443 657 494 semum]
697 457 880 495 asperum
918 446 1047 492 CGE,
1086 445 1308 497 horridum,
1344 459 1437 497 prae

92 504 191 541 same
224 502 314 553 pilis
347 515 541 554 asperum,
573 508 616 540 ut
649 508 740 541 sunt
773 505 905 554 spinae
932 504 1027 541 ΒΜ.
1076 504 1320 554 squalidum]
1356 518 1439 543 sor-

91 562 236 600 didum.
288 561 475 611 ae‘csrmn]
508 563 663 599 tristem
695 562 755 600 vel
787 562 1033 600 imbecillem.
1089 561 1113 601 8
1142 557 1248 611 prae
1279 563 1357 613 me]
1391 564 1439 602 ad

91 622 423 671 comparationem
449 622 527 658 mei
557 622 600 668 G,
627 621 728 671 apud
761 633 823 658 me
850 622 992 669 DEM,
1025 621 1126 671 apud
1159 634 1220 659 me
1247 622 1307 660 vel
1334 635 1438 660 com-

88 680 289 730 paratione
323 691 407 717 mea
436 680 488 717 M.
543 677 595 717 11
624 679 836 730 habitudo]
876 679 1103 730 corpulenta
1136 681 1183 718 D.
1236 678 1288 718 12
1324 681 1436 731 defit]

88 738 226 776 deficio
265 739 370 776 enim
407 737 491 775 loco
530 740 676 789 passivi
717 739 828 777 detio.
894 737 946 777 13
986 745 1029 777 at
1072 738 1162 788 eqo]
1201 740 1346 777 iterum
1385 752 1438 784 ,ex

87 808 255 847 persona
286 796 404 835 illius,
440 793 512 835 '18
545 799 615 836 laos
653 797 880 847 consector]
915 797 976 835 his
1008 798 1199 836 adhaereo
1232 798 1436 837 adulando.

89 853 145 894 24
178 858 336 894 interea
369 855 465 906 loci]
500 856 728 894 adverbium
760 862 819 894 est
851 854 1041 907 temporis
1068 856 1128 894 vel
1159 856 1246 894 loci.
1291 861 1435 897 maeel-

85 913 182 964 lum]
215 914 421 952 macellum
454 914 598 952 dicitur
631 928 650 952 a
683 916 927 953 macerandis
960 915 1155 953 carnibus.
1208 913 1263 954 25
1290 923 1434 966 cuppe-

86 972 259 1023 dinarii]
299 973 479 1024 cupedia,
518 974 730 1025 cupiditas,
768 974 870 1012 unde
910 976 1084 1012 cotiones
1123 979 1161 1012 et
1193 974 1258 1012 alii
1291 976 1436 1028 cupidi,

85 1037 128 1069 ut
160 1037 251 1070 sunt
283 1032 488 1070 telonearii
520 1037 558 1070 et
589 1032 787 1071 mercibus
819 1034 1061 1084 insistentes,
1093 1033 1338 1083 cupedinarii
1369 1046 1436 1073 vo-

87 1096 235 1129 cantur.
295 1089 349 1129 26
385 1090 549 1140 cetarii]
583 1096 693 1129 cetus
726 1096 786 1129 est
818 1104 941 1142 genus
973 1093 1146 1129 marinae
1178 1092 1328 1131 beluae.
1387 1093 1433 1131 ab

85 1149 158 1187 hoc
179 1161 323 1200 genere
344 1149 502 1187 abusive
523 1151 739 1200 piscatores
761 1152 898 1188 cetarii
918 1151 1101 1188 dicuntur
1121 1156 1159 1188 et
1179 1153 1247 1201 qui
1266 1157 1436 1191 tractant

1489 457 1510 487 5

1468 750 1508 781 10

1464 1044 1505 1075 15

84 1220 140 1259 ea,
161 1220 259 1259 quae
281 1220 327 1246 ex
345 1208 522 1258 piscibus
543 1210 653 1260 liunt,
674 1214 716 1247 ut
737 1214 828 1262 sunt
846 1209 1121 1260 liquaminarii,
1139 1211 1207 1260 qui
1228 1222 1274 1248 ex
1296 1223 1435 1262 corpo-
1455 1220 1458 1223 ’

83 1266 193 1305 ribus
210 1268 379 1317 piscium
397 1267 603 1305 humorem
620 1267 771 1318 liquant
786 1268 856 1317 (cf.
870 1269 980 1307 Plac.
993 1271 1110 1316 yloss.
1122 1269 1208 1317 22).
1242 1267 1296 1308 26
1312 1269 1432 1320 lanii]

83 1325 245 1364 lanistae
261 1338 281 1363 a
295 1325 486 1364 laniandis
502 1326 687 1364 carnibus
705 1327 811 1378 dicti,
833 1328 901 1377 qui
914 1332 952 1365 et
967 1326 1192 1379 macellarii,
1212 1340 1232 1365 a
1248 1328 1432 1367 carnibus

45 1408 48 1411 -
82 1384 308 1422 mactandis.
343 1384 541 1434 fartores]
564 1398 583 1422 a
604 1385 814 1423 farciendis
836 1385 1031 1424 carnibus.
1066 1383 1118 1424 31
1141 1390 1296 1426 sectari
1314 1388 1431 1437 iussi]

83 1448 126 1481 ut
139 1445 361 1481 imitaretur
375 1444 538 1494 vestigia
552 1456 661 1482 meae
677 1444 920 1483 adulationis
955 1443 1009 1483 32
1026 1445 1282 1495 disciplinae]
1303 1451 1431 1484 sectae

83 1502 154 1551 [E:
178 1500 391 1552 discipuli}
420 1500 474 1540 33
497 1502 709 1553 vocabula]
732 1508 775 1547 ut
795 1516 814 1541 a
835 1503 994 1541 Platone
1009 1503 1210 1542 Platonici.
1244 1502 1297 1543 37
1319 1508 1432 1547 salva

30 1569 35 1573 '
82 1574 147 1600 res
179 1560 254 1610 est]
288 1560 390 1598 bona
422 1572 486 1599 res
519 1566 581 1599 est
612 1565 650 1599 et
675 1574 876 1614 prospera,
910 1574 1025 1612 quam
1052 1562 1137 1599 volo
1165 1562 1306 1615 facere,
1339 1563 1432 1602 dum

84 1619 148 1658 ille
182 1621 372 1658 tristatur.
416 1619 574 1669 rivalis]
615 1620 746 1658 rivalis
780 1619 942 1673 dicitur,
975 1622 1042 1672 qui
1074 1620 1125 1659 cx'
1154 1621 1291 1659 eodem
1324 1623 1430 1660 sonte

82 1679 226 1716 amoris
260 1683 377 1729 potat.
425 1677 481 1727 [E
509 1690 612 1717 man.
646 1692 735 1718 rec:
773 1679 921 1717 rivales·
953 1680 1155 1732 dicuntur,
1194 1682 1431 1732 quicumque

83 1739 244 1776 veniunt
275 1738 356 1775 sive
390 1737 435 1775 ad
469 1750 591 1776 unum
624 1737 770 1789 aliquid
803 1740 883 1776 sive
917 1739 963 1776 ad
996 1751 1112 1776 unam
1143 1740 1345 1778 amandam
1371 1740 1432 1778 vel

82 1796 129 1834 ad
166 1796 366 1847 pugnam}
416 1796 590 1846 freyent]
630 1802 787 1849 sonant,
826 1797 1114 1836 tumultuantur
1154 1803 1242 1836 ante
1285 1801 1430 1838 ostium

84 1855 253 1893 Thaidis.
298 1854 359 1893 vel
391 1854 521 1893 aliter:
554 1856 670 1906 frIget
701 1868 810 1894 amor
836 1869 972 1895 eorum
999 1857 1100 1907 apud
1127 1857 1326 1896 Thaidem.
1360 1858 1429 1907 [E:

83 1914 243 1964 frigent:
275 1909 442 1966 cessant,
475 1919 513 1952 et
544 1914 617 1952 hoc
648 1920 810 1966 propter
835 1915 1064 1954 Phaedriam
1098 1915 1222 1965 dicitj.
1274 1914 1328 1956 38
1362 1930 1428 1956 nc—

80 1971 278 2022 bulonem]
320 1972 498 2024 stultum,
537 1973 630 2011 alias
669 1974 835 2012 mendax
874 1976 911 2013 C.
962 1975 1187 2013 'ditl'erentia
1225 1980 1285 2013 est
1325 1977 1428 2013 inter

78 2033 294 2082 parasitum
321 2036 359 2069 et
386 2031 632 2070 nebulonem.
671 2035 865 2084 parasitus·
891 2035 1049 2084 proprie
1071 2034 1217 2071 dicitur
1240 2034 1428 2086 adulator,

79 2090 235 2142 nebulo,
263 2091 330 2141 qui
356 2090 516 2129 devorat
541 2090 641 2129 bona
669 2104 738 2130 sua
764 2097 802 2130 et
828 2092 962 2131 aliena.
1003 2092 1117 2130 modo
1145 2092 1296 2130 Gnatho
1317 2095 1428 2144 prius

142 2265 145 2268 .
173 2242 194 2272 4
213 2239 338 2284 gusto]
361 2238 516 2282 degusto
535 2239 577 2273 G.
595 2266 603 2274 .
630 2242 673 2273 14
693 2240 874 2286 cotiones]
895 2240 1093 2275 cotionarii
1113 2240 1160 2277 D.
1214 2245 1256 2274 16
1278 2242 1361 2275 ceta
1376 2243 1424 2277 Ι).

81 2289 122 2320 17
134 2285 354 2331 piscatores]
373 2285 625 2331 negotiatores
646 2286 779 2322 DEM.
814 2291 856 2322 18
872 2287 1036 2332 piscibus
1056 2288 1165 2333 finnt]
1186 2288 1346 2333 negotiis
1362 2289 1427 2322 ad-

77 2332 232 2368 veniunt:
250 2333 353 2368 DM.
404 2336 448 2367 20
467 2333 652 2367 laniendis
672 2335 759 2370 GE.
811 2339 851 2369 21
875 2334 1102 2380 mactandis]
1123 2346 1217 2370 mac».
1230 2335 1357 2370 randis
1379 2336 1418 2371 Ε

1095 2394 1141 2427 7*

1459 1338 1505 1369 20

1456 1927 1500 1957 30
