1681 2576
540 82 739 118 Eunuchus
758 81 802 125 V,
823 85 843 115 2
859 102 903 106 —
917 81 960 125 V,
977 84 1007 115 6.
1362 83 1443 122 111

99 196 191 246 quia
222 194 548 246 nihil-expendit.
598 196 684 233 εἰπε
715 191 940 242 dispendio]
975 194 1060 230 sine
1093 192 1244 231 damno.
1303 191 1327 232 8
1357 195 1444 242 pal-

99 252 290 303 marium]
330 254 595 292 remuneratio
633 251 785 302 palmae
818 252 915 298 ΒΕ,
955 253 1188 303 raptionem,
1227 253 1444 302 ingenium,

44 315 48 318 ’
99 311 231 351 dolum
269 313 364 360 BC,
402 312 505 350 unde
543 311 641 349 mihi
678 310 806 361 palma
843 316 1028 348 meretur.
1085 322 1172 348 nam
1212 309 1445 360 palmarium

99 376 175 422 est,
218 371 320 422 quod
358 372 400 409 in
437 370 564 421 palma
594 374 786 420 meretur,
825 370 926 407 sicut
958 369 1225 420 corollarium,
1267 369 1378 419 quod
1403 370 1444 407 in

98 441 242 468 corona
265 435 441 468 meretur
467 429 565 468 ΒΜ.
618 426 671 467 12
695 427 817 477 foris]
851 440 983 466 coram
1008 428 1258 467 amatoribus.
1311 425 1367 466 14
1397 431 1442 467 le·-

94 487 307 538 qurrz'unt]
346 488 485 526 leviter
517 488 725 538 degustant
763 486 962 537 [videlicet
1001 489 1163 525 summis
1196 487 1317 525 labris
1349 489 1443 526 add.

97 547 202 595 ΒΜ,
242 547 429 597 paulatim
461 546 650 585 sumendo
693 548 785 585 add.
812 545 879 595 E].
940 543 994 585 15
1036 545 1239 595 inluviem]
1281 547 1443 583 nimiam

97 607 315 644 satietatem
342 607 490 644 ventris
511 606 610 653 ΒΜ,
646 605 922 643 inmunditiam
942 606 987 643 E.
1040 603 1092 644 17
1123 604 1277 654 rorent]
1312 604 1351 642 id
1384 610 1443 642 est

96 664 283 703 devorent
304 665 357 702 M.
398 663 451 703 21
472 664 630 715 Pythias
656 664 795 702 ancilla
821 669 971 702 terrere
998 663 1132 702 volens
1159 663 1443 702 Parmenonem

85 723 326 769 ⁸redeuntem
357 725 502 762 iterum
533 723 629 761 haee
661 735 795 761 seeum
828 723 1072 775 loquebatur,
1103 724 1157 761 ita
1189 728 1232 760 ut
1264 724 1347 773 ipse
1373 734 1442 773 po-

94 783 237 820 tuisset
275 782 429 834 audire,
469 787 506 820 et
539 782 762 833 simulabat,
800 782 904 832 quod
937 782 1129 820 Chaereas
1166 786 1369 820 teneretur
1400 783 1442 819 111

93 840 207 879 (101110
235 843 473 879 constrictus
499 841 676 892 pedibus.
724 838 780 879 24
806 840 1005 890 exempla]
1032 853 1260 891 poenarum.
1294 836 1350 879 30
1371 843 1441 879 ccd-

87 899 236 949 prc'me]
264 899 373 938 valde
395 901 494 948 ΒΜ,
521 901 687 938 maxime
714 901 795 938 ΟΕ.
847 897 902 939 35
922 899 1150 949 minitatur]
1173 899 1233 938 vel
1258 900 1441 950 minatur,

93 958 132 996 id
174 964 251 997 est:
292 961 463 997 minatur
495 961 617 998 *etiam
655 959 889 997 mittendum
928 971 1016 997 eum
1056 971 1141 996 esse
1181 960 1221 996 in
1260 957 1439 996 culleum.

93 1016 242 1055 culleus
282 1019 386 1056 enim
425 1018 602 1056 sacculus
642 1023 718 1069 est,
760 1020 801 1056 in
839 1030 955 1068 quem
993 1017 1248 1056 mittebantur
1286 1017 1441 1055 moechi

92 1088 182 1114 cum
218 1073 369 1127 mugili.
426 1076 584 1127 mugilis
626 1078 731 1115 enim
773 1077 917 1115 dieitur
958 1078 1070 1127 quasi
1109 1076 1275 1114 multum
1317 1075 1440 1127 agilis,

93 1137 161 1185 qui
196 1148 269 1186 per
300 1148 417 1174 anum
449 1135 744 1186 ingrediebatur
783 1137 823 1174 in
857 1140 1033 1174 ventrem
1065 1141 1103 1174 et
1135 1137 1187 1174 ita
1219 1135 1440 1173 adulterum

90 1193 265 1237 necabat.
303 1194 355 1243 cf.
389 1196 535 1234 Isz'dor.
560 1195 598 1242 V,
619 1195 689 1242 27,
715 1195 775 1233 36
795 1200 833 1234 ec
852 1195 952 1242 XII,
976 1195 1013 1242 6,
1035 1195 1104 1234 26.
1137 1195 1236 1233 ΒΜ.
1269 1192 1326 1233 45
1347 1194 1440 1232 dum

92 1264 181 1291 cum
213 1265 257 1291 ea
282 1252 526 1305 loquebatur,
558 1253 655 1292 vidit
679 1253 860 1305 Lachem,
893 1254 1093 1292 dominum
1121 1266 1247 1305 sunm,
1280 1254 1439 1291 venien-

90 1317 171 1349 tem
203 1311 250 1350 de
282 1324 374 1362 agro
408 1324 496 1351 suo.
544 1310 599 1351 47
632 1311 759 1362 sapis]
793 1314 975 1351 ironicos.

712 1442 752 1494 V,
779 1440 816 1481 5.

178 1511 327 1551 Laches
354 1514 427 1551 iste
454 1517 565 1563 pater
585 1512 797 1551 Phaedriae
825 1518 907 1551 erat
929 1518 966 1551 et
986 1512 1194 1563 Chaereae,
1220 1513 1288 1563 qui
1307 1515 1438 1552 omnia

88 1571 305 1623 ignorabat,
332 1583 429 1622 quae
452 1576 662 1610 evenerant
683 1584 729 1609 ex
750 1571 932 1610 Chaerea.
970 1576 1172 1610 revertens
1192 1571 1256 1609 1110
1276 1570 1324 1609 de
1345 1584 1436 1623 agro

90 1642 160 1669 5110
193 1630 286 1668 haec
320 1643 454 1668 secum
486 1630 728 1682 loquebatur.
792 1628 816 1668 3
850 1632 920 1669 ubi
948 1629 1092 1680 sallas]
1131 1629 1200 1668 ubi
1236 1630 1436 1669 fastidium

88 1689 186 1727 1111111
217 1694 396 1728 exortum
429 1694 489 1728 est
520 1691 561 1727 in
593 1690 707 1728 domo
740 1701 828 1727 una.
889 1688 913 1729 8
945 1692 1076 1728 sate'ne
1112 1688 1265 1739 salvae]
1300 1702 1435 1728 omnes

87 1753 244 1786 nostrae
276 1760 351 1786 res.
404 1746 457 1787 16
484 1750 572 1787 Izem
597 1747 711 1798 quid]
744 1748 993 1799 indignando,
1047 1746 1098 1787 17
1133 1747 1280 1786 Laches
1308 1751 1437 1800 eoepit

1471 731 1513 762 10

1469 1027 1510 1058 15

1462 1699 1506 1730 25

88 1808 263 1858 aspicere
278 1806 561 1845 Parmenonem
582 1807 823 1846 terribilibus
845 1807 968 1846 oeulis
990 1812 1027 1845 et
1049 1808 1175 1858 inquit
1196 1806 1262 1845 illi.
1297 1806 1351 1847 28
1367 1821 1434 1847 ne-
1458 1823 1476 1835 -·

88 1865 215 1915 cesse]
248 1865 484 1904 inevitabile.

706 1937 747 1989 ig,
774 1936 810 1975 6.

207 2006 320 2045 Visus
346 2006 494 2045 Laches
521 2020 541 2045 a
566 2007 702 2058 Pythia
734 2009 888 2058 ingredi
914 2010 954 2047 in
980 2009 1138 2047 domum
1166 2008 1335 2060 Thaidis,
1367 2007 1436 2046 ubi

86 2065 247 2116 putabat
279 2065 401 2104 lilium
434 2078 548 2104 suum
574 2068 748 2105 vinctum
779 2069 918 2119 teneri,
950 2069 1093 2105 mirum
1121 2073 1180 2105 est
1205 2067 1360 2105 derisus
1394 2069 1435 2106 in

183 2183 202 2213 3
229 2178 327 2213 unde
352 2190 418 2214 om.
440 2179 487 2213 D.
595 2182 615 2212 6
643 2179 858 2226 degustant]
886 2182 1040 2226 gustant
1059 2182 1106 2216 D.
1214 2185 1257 2215 10
1282 2181 1432 2226 iterum]

91 2227 129 2260 et
153 2225 289 2261 iterum
308 2226 354 2261 J).
431 2225 486 2260 ita
511 2227 553 2260 ut
578 2225 641 2260 ine
668 2226 815 2262 audiret
835 2228 880 2262 E.
981 2233 1022 2262 11
1050 2230 1087 2263 et
1112 2228 1376 2262 dissimulabat
1396 2228 1435 2262 D

87 2284 284 2355 gigquuae,
307 2277 557 2355 {quamtuffip
663 2277 706 2307 15
739 2275 890 2356 estOZJn.
920 2276 966 2310 1).
1113 2279 1156 2309 19
1183 2276 1241 2321 ea]
1269 2286 1311 2310 eo
1339 2275 1433 2310 DM.

90 2326 98 2333 ·
181 2331 288 2355 ussus
345 2330 388 2355 ae
417 2330 454 2354 es
482 2331 504 2355 a
560 2330 757 2355 armenone

1461 2018 1506 2049 30
