1681 2576
546 85 718 120 Phormio
739 85 780 129 V,
803 89 824 118 4
840 106 883 110 —
898 86 940 129 V,
963 90 994 120 9.
1361 84 1444 126 139

99 195 154 236 28
182 199 357 235 unimam
377 196 611 246 compressi]
639 192 865 247 anhelitum,
887 197 987 235 sicut
1014 196 1139 234 solent
1165 185 1444 248 auscultantes,

98 267 147 293 ne
181 256 398 294 audiantur.
451 253 506 294 30
534 254 716 304 facinus]
751 255 901 293 facinus
928 256 968 293 in
996 255 1141 294 honum
1168 260 1206 293 et
1232 256 1273 293 in
1299 255 1443 294 malum

102 315 186 353 GE.
231 327 346 367 opus,
379 315 540 366 factum,
572 314 722 352 facinus
756 318 794 352 et
826 315 866 352 in
897 313 1043 352 bonum
1077 319 1114 353 et
1146 315 1186 352 in
1218 313 1363 353 malum
1397 315 1444 352 D.

721 443 750 479 V
790 443 826 483 7.

192 513 213 553 1
230 514 468 564 Fortunam]
491 513 716 552 felicitatem
735 475 834 552 D7M.
880 517 929 553 de
950 514 1178 564 improviso]
1202 514 1330 554 subito
1346 515 1445 553 ΒΜ.
1497 522 1515 552 5

101 573 126 613 3
160 586 302 613 curam
335 576 513 613 adimere
545 573 843 623 argentariam]
879 586 953 624 qua
985 573 1083 612 dabo
1117 575 1153 612 ei
1185 573 1254 612 has
1286 575 1444 624 triginta

100 635 226 671 minas
258 637 296 671 et
328 633 499 671 auferam
533 644 666 670 curam
698 632 745 670 de
778 637 950 683 argento.
1002 630 1029 672 5
1062 635 1234 681 inqtates
1266 632 1344 682 leis]
1379 645 1447 671 no-

100 691 270 730 lentibus
287 691 457 730 senibus.
491 690 516 731 6
539 693 675 730 dutum
691 690 784 741 erit]
808 691 1099 730 nonauferetur
1113 691 1220 729 mihi.
1256 690 1278 730 7
1291 691 1445 741 qeslus]

99 756 227 789 motus
259 752 445 802 eorp01is.

719 832 760 884 V,
787 832 823 871 8.
1478 842 1518 872 10

188 902 216 943 4
243 904 453 953 dilapidet]
479 904 642 955 dissipet
663 903 926 942 distrahendo.
978 902 1029 942 13
1059 903 1194 953 idque]
1223 909 1384 954 propter
1410 904 1447 942 id

100 963 161 1002 vel
181 965 311 1014 itaque
328 965 373 1001 D.
415 961 468 1001 15
485 962 718 1012 posthabui]
735 964 964 1015 contempsi,
978 964 1192 1014 postposui.
1235 960 1290 1001 20
1301 962 1447 1013 ferme]

105 1023 142 1061 id
183 1027 241 1061 est
282 1034 403 1073 prope
436 1022 495 1060 vel
535 1027 651 1060 certe.
710 1019 766 1059 24
804 1021 890 1072 ore]
924 1022 1042 1060 vultu.
1095 1020 1150 1061 25
1184 1027 1264 1061 tum
1298 1022 1447 1072 autem]

100 1082 274 1120 silenter.
341 1079 396 1119 29
435 1080 627 1131 rescribi]
667 1081 779 1119 reddi
816 1093 888 1132 per
927 1082 1172 1132 scripturam.
1237 1079 1292 1120 35
1331 1094 1448 1131 repu—

101 1140 227 1190 dium]
249 1140 519 1178 abiectionem.
557 1138 610 1180 36
632 1140 871 1190 remiserim]
895 1141 1211 1178 renuntiaverint.
1253 1138 1307 1178 39
1329 1140 1448 1190 adeo]
1479 1150 1520 1179 15

99 1199 221 1238 valde.
247 1197 305 1238 40
314 1199 532 1249 periclum]
546 1201 871 1250 experimentum,
883 1199 1164 1249 probationem.
1186 1201 1346 1246 ulfilius
1357 1199 1448 1249 etc]

101 1260 274 1297 ironicos
306 1260 343 1296 C.
393 1255 451 1296 44
483 1261 587 1297 enim
619 1257 730 1308 vero]
765 1258 846 1296 scil.
879 1258 1014 1296 radam
1048 1259 1088 1296 in
1121 1259 1182 1296 ius
1215 1259 1252 1296 C.
1304 1259 1448 1308 odiosi]

101 1317 270 1369 molesti,
297 1319 330 1355 si
355 1318 703 1368 perseveraveritis
730 1318 771 1355 in
798 1317 952 1355 duritia.
997 1315 1053 1356 46
1076 1316 1356 1367 patrocinat-l]
1384 1317 1449 1355 de-

101 1376 274 1415 fendere.
348 1374 403 1414 49
443 1378 509 1415 hic
551 1376 772 1426 quandam]
812 1376 902 1415 hine
948 1378 1024 1414 iam
1066 1377 1206 1427 incipit
1250 1376 1448 1415 denudare

102 1448 259 1474 eausam
298 1435 517 1474 Chremetis
559 1435 605 1473 de
647 1448 780 1474 uxore.
837 1434 891 1475 61
930 1434 1182 1485 scrupulum]
1219 1435 1448 1474 molestiam.
1477 1444 1521 1475 20

105 1493 160 1534 70
191 1494 352 1543 ulcisci]
386 1494 556 1533 ulciscor
593 1494 695 1533 hunc
735 1494 774 1532 id
813 1500 873 1533 est
903 1494 1114 1533 vindictam
1147 1506 1258 1532 sumo
1292 1495 1339 1533 de
1373 1495 1448 1533 illo.

104 1552 156 1592 71
192 1553 418 1603 adfectant]
459 1559 701 1604 praeparant.
756 1551 810 1592 74
848 1553 955 1603 cum]
995 1566 1065 1604 pro
1099 1554 1200 1604 quia.
1253 1552 1307 1593 76
1342 1556 1449 1593 insti-

99 1612 226 1662 gasti]
260 1614 518 1665 commovisti,
550 1613 641 1650 dum
669 1612 833 1663 roepisti
860 1618 1039 1664 repetere
1068 1612 1266 1651 talentum.
1313 1611 1367 1652 82
1395 1616 1450 1652 la-

104 1674 241 1711 crimis
278 1674 315 1710 si
350 1671 613 1721 extilluveris]
648 1673 681 1710 si
714 1676 837 1710 totum
873 1677 910 1710 te
938 1673 1094 1710 miseris
1128 1673 1168 1709 in
1196 1671 1374 1710 lacrimas
1404 1673 1449 1711 J).

103 1728 160 1770 85
199 1730 434 1780 publicitus]
480 1730 646 1781 publice.
734 1728 790 1770 90
835 1734 937 1770 enim
977 1730 1146 1780 nequeo]
1193 1730 1311 1769 voluit
1360 1744 1449 1769 eum
1476 1741 1519 1770 ‘25

101 1795 248 1828 tenere.
313 1787 368 1829 96
407 1790 593 1839 exculpe]
628 1790 787 1828 extrahe
822 1791 868 1828 l).

728 1906 830 1960 ΥΘ.

193 1977 446 2030 Nausistrat171
485 1992 582 2017 uxor
615 1979 1044 2031 Ch1emetis73udiens
1078 1990 1212 2016 vocem
1247 1978 1450 2016 Phormio-

106 2039 168 2076 nis
202 2037 412 2088 egrediens
445 2037 581 2076 aiebat.
638 2037 664 2077 5
693 2038 837 2088 friyet]
878 2051 970 2089 plue
1004 2039 1154 2075 timore.
1210 2035 1261 2075 12
1294 2038 1449 2088 sedulo]

105 2067 290 2135 studioose.
338 2094 390 2135 13
414 2108 491 2146 pro
513 2097 666 2148 fratre]
694 2099 876 2136 ironicos.
922 2096 980 2146 at]
1008 2096 1255 2134 blandientis
1301 2094 1356 2135 20
1383 2109 1450 2136 ac·
1478 2107 1521 2136 30

105 2154 240 2204 tumst]
268 2155 365 2193 nihil
393 2168 527 2194 sumus
555 2157 642 2195 Dc.
693 2155 747 2195 22
776 2155 988 2205 distaedet]
1011 2155 1119 2193 valde
1149 2155 1279 2193 taedet
1305 2155 1364 2194 vel
1391 2156 1450 2194 dis

103 2214 272 2253 testibus
293 2214 421 2252 taedet
440 2227 502 2253 me
524 2214 640 2266 loqui.
687 2213 741 2254 23
763 2214 920 2264 itiones]
943 2216 1094 2253 itinera.
1141 2212 1197 2253 30
1216 2214 1448 2265 scrupulus]

202 2331 244 2363 19
272 2314 371 2374 hinc]
399 2327 458 2362 hie
488 2328 523 2364 0.
