1681 2576
150 496 169 525 ὃ

7 673 90 766 (432-
96 720 139 748 a'tm

127 789 169 820 10

124 1082 165 1113 15

90 1427 165 1480 ‘20

120 1743 163 1774 25

203 128 223 166 1
234 127 286 167 10
611 126 903 165 Commentarius
931 126 1128 170 antiquior.

823 237 862 290 V,
891 237 927 276 2.

250 348 252 352 f
285 308 454 347 Veniens
497 308 669 347 Chaerea
710 321 730 346 a
772 308 886 346 domo
928 308 1160 359 Antiphonis
1202 307 1335 345 volens
1378 308 1548 347 eunuchi

198 369 430 406 vestimenta
458 379 602 406 exuere
628 368 913 418 inveniensque
939 371 1092 418 patrem
1114 379 1228 405 suum
1248 366 1304 404 ibi
1325 370 1364 404 et
1382 379 1548 406 matrem

197 426 351 465 dicebat
389 438 523 465 secum
556 427 600 465 E.
669 425 694 464 2
734 428 852 475 quasi
882 428 1019 465 dedita
1051 425 1193 476 opera]
1234 425 1366 463 dedito
1407 426 1550 478 studio,

198 487 310 535 quasi
342 485 397 523 ibi
429 485 637 523 adventum
669 497 801 523 meum
834 486 1008 535 opperiri
1034 485 1324 538 disposuissent
1344 486 1391 523 D.
1430 484 1455 524 6
1477 497 1548 523 an-

193 544 415 594 m'portum]
458 545 686 595 angiportus
718 543 779 582 vel
816 545 1064 594 angiportum
1103 550 1161 582 est
1200 544 1483 594 compendiosa·
1510 548 1549 582 et

196 605 342 642 rectior
378 605 439 641 ria
478 603 625 642 ducens
664 603 711 645 ad
755 607 924 653 portum.
991 604 1153 653 ponitur
1191 608 1229 641 et
1269 614 1341 654 pro
1381 607 1546 653 angusto

195 668 312 713 portu
351 662 402 711 ef.
436 664 538 706 Fest.
573 675 642 711 pq.
668 662 736 700 17.
801 660 826 700 8
855 661 1091 711 fuqz‘tando]
1131 662 1178 700 de
1214 661 1299 700 loco
1335 662 1382 700 ad
1417 661 1547 699 locum

195 721 391 771 fugiendo.
439 707 632 760 Tslmne
663 719 742 770 vir]
776 721 958 758 ironicos.
1011 718 1066 758 14
1092 719 1310 770 admisero]
1339 721 1545 759 admittere

195 782 353 831 proprie
375 784 435 818 es't
455 781 646 831 recipere,
674 779 743 817 sed
762 779 826 817 hic
846 791 917 829 pro
938 781 1182 818 committere
1202 781 1344 830 posuit.
1379 778 1431 819 17
1455 778 1545 828 eho]

195 839 445 890 indignando.
510 837 563 876 21
607 837 843 887 monstrum]
893 839 1023 888 ipsum
1068 838 1281 877 Chaeream
1325 844 1546 877 monstrum

194 903 306 936 vocat
324 903 487 949 propter
508 897 798 935 deformitatem
817 898 996 939 vestium.
1042 897 1169 947 ultro]
1187 897 1361 948 insuper.
1404 896 1458 936 32
1485 910 1543 936 so-

194 956 335 1007 lidum]
362 957 520 995 firmum
546 955 607 994 vel
634 957 831 1006 integrum
858 957 902 1003 E,
928 956 1148 1011 perfectum
1169 957 1268 994 ΒΜ.
1318 954 1378 994 44
1403 969 1545 995 caven-

195 1015 305 1065 dum]
332 1028 382 1054 ne
409 1016 510 1054 sorte
536 1016 751 1053 mentiatur
776 1014 861 1066 tibi,
893 1014 954 1052 vel
979 1027 1027 1052 ne
1054 1020 1092 1053 te
1120 1020 1346 1066 corrumpat
1371 1019 1414 1054 ut
1433 1014 1544 1053 Pam-

191 1074 349 1126 philam.
382 1072 436 1114 51
459 1072 704 1124 opperiries]
729 1079 889 1127 expecta
909 1074 965 1122 M,
987 1078 1193 1124 expectare
1215 1075 1304 1113 DE.
1338 1072 1546 1123 65·apaqe

194 1133 247 1184 te]
280 1139 366 1172 tace
397 1133 458 1171 rel
489 1133 630 1171 recede
663 1133 702 1173 C.
753 1145 883 1182 apaye
914 1131 985 1182 sis]
1026 1132 1139 1171 aliter
1171 1145 1290 1183 apage
1322 1138 1372 1171 te.
1424 1144 1543 1184 apage

192 1198 344 1243 tantum
375 1192 492 1231 habet
524 1197 562 1230 et
593 1204 712 1243 apage
746 1193 812 1229 sis.
840 1192 930 1229 DE.
987 1190 1042 1231 66
1074 1191 1210 1241 Thais]
1244 1193 1463 1243 respiciens
1497 1204 1543 1229 ex

194 1252 356 1290 adverso
389 1252 486 1289 vidit
519 1251 779 1303 Chremetem,
812 1250 975 1288 fratrem
1006 1250 1180 1302 puellae,
1212 1252 1446 1289 venientem.

821 1367 862 1420 V,
890 1366 926 1406 3.

279 1439 438 1490 Pythias
471 1439 611 1477 ancilla
636 1439 774 1477 ridens
805 1438 1101 1490 Parmenonem,
1135 1439 1202 1489 qui
1235 1438 1336 1476 dona
1367 1438 1444 1476 illis
1477 1438 1543 1476 ad-

193 1498 370 1550 duxerat,
397 1510 531 1536 secum
556 1498 629 1535 hoc
657 1497 890 1548 loquebatur
916 1497 1133 1547 indignans.
1181 1496 1205 1535 2
1227 1496 1313 1546 qui]
1335 1497 1543 1548 quomedo.

189 1556 386 1607 arufiam]
408 1558 542 1595 vicem.
577 1555 602 1595 9
623 1558 842 1607 respiciens
861 1556 1018 1607 Pythias
1041 1558 1194 1594 eminus
1215 1555 1314 1594 vidit
1332 1552 1542 1595 Parmeno-

191 1628 283 1654 nem
308 1617 533 1655 venientem
565 1621 603 1654 et
635 1615 789 1659 dicebat
815 1628 960 1654 secum.
1005 1618 1135 1654 virum
1163 1614 1323 1664 bonum]
1357 1617 1541 1654 ironicos.

194 1673 248 1714 10
276 1681 319 1714 ut
343 1674 514 1725 otiosus]
537 1687 653 1726 quam
679 1670 843 1713 securus
864 1676 909 1722 E,
936 1686 1015 1712 non
1042 1676 1127 1712 sine
1154 1686 1271 1712 causa
1297 1674 1542 1725 deceptionis

191 1736 311 1772 venit..
336 1732 388 1772 11
405 1746 489 1773 meo
503 1733 635 1783 modo]
652 1746 738 1772 mea
753 1733 1049 1786 consuetudine,
1069 1735 1186 1771 sicuti
1200 1732 1296 1770 alios
1312 1734 1540 1771 excruciare
1572 1735 1576 1738 ’

191 1793 296 1831 soleo
318 1794 415 1830 meis
438 1792 724 1831 calliditatibus.

710 1943 712 1946 v
811 1897 853 1950 V,
878 1895 917 1935 4.

278 1968 468 2007 Parmeno
488 1970 685 2020 ignorans,
711 1968 805 2019 quid
826 1969 1023 2006 evenisset
1043 1967 1251 2019 Chaereae,
1279 1980 1397 2018 quem
1416 1969 1539 2006 intro-

189 2028 364 2080 duxerat,
383 2029 556 2066 revisere
571 2027 724 2065 volebat
744 2039 955 2078 secumque
975 2027 1071 2065 haec
1091 2026 1324 2077 loquebatur
1342 2027 1538 2065 veniendo
1566 2067 1570 2071 .
1595 2057 1600 2060 .

124 2110 130 2112 >
190 2087 237 2125 ad
258 2087 416 2125 domum
437 2086 606 2125 Thaidis.
644 2084 673 2124 4
693 2085 885 2136 amorem]
908 2086 1072 2138 confeci,
1091 2097 1253 2136 zeugma
1273 2085 1319 2124 ab
1340 2086 1537 2124 inferiori-

190 2145 274 2184 bus.
320 2145 497 2195 confecz']
531 2146 718 2184 coniunxi
750 2144 816 2183 illi.
861 2148 947 2184 sine
978 2143 1174 2194 molestia]
1215 2145 1305 2195 quia
1336 2156 1415 2183 non
1446 2144 1538 2182 inde

190 2204 336 2255 aliquid
368 2204 502 2242 habuit
536 2204 818 2255 impedimenti.
869 2203 891 2243 7
919 2206 1005 2243 sine
1029 2203 1204 2253 sumpla]
1239 2205 1323 2241 sine
1356 2215 1539 2255 expensa,

286 2322 303 2352 7
330 2317 481 2364 rectior]
515 2317 646 2352 stricta,
673 2317 726 2352 M.
851 2321 894 2351 17
926 2317 978 2363 et]
1006 2317 1106 2360 quod
1131 2317 1179 2351 E.
1301 2320 1344 2351 20
1370 2315 1446 2350 illis
1473 2315 1537 2349 ad-

190 2365 363 2412 duxerat]
389 2365 447 2399 illi
471 2365 610 2399 tulerat
630 2366 676 2399 D.
776 2368 820 2398 23
847 2365 884 2398 et,
909 2375 974 2400 om.
1001 2365 1051 2399 D.
