1681 2576
203 112 259 153 42
510 114 528 152 ξ
552 114 580 144 7.
620 109 673 144 De
701 108 817 144 altero
844 107 1067 143 scholiorum
1093 116 1237 152 genere.

202 223 276 260 hoc
313 223 462 273 potius;
503 221 730 271 potissimus
773 218 1041 270 superlativus.
1104 217 1235 256 Potest
1265 221 1395 255 tamen
1426 217 1498 257 hoc
1525 231 1544 256 a

204 282 360 319 nomine
380 281 482 331 potis
504 280 640 330 accipi,
667 279 842 328 quamvis
869 277 1102 327 significatio
1129 275 1201 314 alia
1227 287 1313 314 esse
1340 273 1541 315 videatu1·.'

202 339 336 390 Itaque
372 338 488 376 verba
522 335 802 388 ‘superlativus
840 332 1089 387 potissimus’
1123 339 1209 385 post
1242 331 1448 385 ‘potioris'
1483 348 1543 373 re-

203 398 361 436 tinenda
395 410 481 435 csse
514 398 597 435 veri
629 395 755 434 simile
788 395 952 433 videtur.

430 656 454 706 ἓ
484 655 518 695 7.
569 660 633 695 De
666 658 807 694 altero
840 656 1116 692 scholiorum
1146 664 1319 700 genere.

292 751 418 790 Huius
457 751 613 801 generis
652 748 798 787 scholia
834 747 947 797 longe
987 747 1303 796 frequentissima
1342 751 1448 797 sunt,
1487 747 1544 783 in-

1 817 105 883 fff‘h
123 846 151 883 ,l
204 810 391 850 credibile
414 802 527 847 venim
553 808 660 845 dictu
686 811 756 858 est,
789 811 882 857 quot
909 805 1035 856 verba,
1068 809 1161 855 quot
1188 806 1404 842 sententiae
1433 805 1543 843 scho—

56 868 63 876 '
109 863 116 870 ’
203 869 328 907 liastis
367 867 689 918 interpretatione
723 866 837 915 (ligna
870 866 952 902 visa
984 865 1073 902 sint.
1128 863 1430 901 Innumerabilia
1463 864 1543 901 sere

206 932 297 966 sunt
334 927 416 979 illa,
462 925 602 977 quibus
641 925 856 963 sententiae
894 927 1030 974 poetae
1068 934 1139 972 per
1172 934 1211 959 se
1248 923 1354 972 ipsae
1392 923 1544 972 perspi-

206 999 299 1025 cuae
331 987 491 1024 mutatis
523 983 654 1023 verbis
686 983 915 1033 redduntur,
947 981 1051 1019 unde
1082 992 1197 1018 nemo
1223 979 1346 1018 ullum
1375 982 1546 1019 fructum

206 1047 348 1097 capiat,
380 1043 574 1096 permulta
606 1047 736 1081 autem
761 1041 849 1092 plus
876 1040 1035 1079 deciens
1062 1044 1311 1090 repetuntur:
1346 1041 1543 1090 quotiens-

206 1116 372 1155 cumque
420 1105 526 1142 enim
572 1102 677 1140 idem
717 1100 879 1138 verbum
921 1099 1109 1149 occurrit,
1155 1098 1290 1136 eadem
1337 1098 1544 1148 explicatio

205 1165 425 1214 apponitur.
487 1161 590 1199 Haec
630 1161 759 1198 omnia
797 1160 936 1197 ass‘erre
974 1156 1187 1196 absurdum
1218 1156 1405 1195 videatur.
1470 1157 1543 1195 Sed

208 1233 442 1273 quamquam
468 1220 589 1259 multa
615 1225 657 1258 ut
683 1218 938 1269 superflua‘set
957 1215 1046 1254 vilia
1067 1215 1203 1267 abieci,
1234 1220 1365 1253 tamen
1391 1222 1544 1254 cautum

204 1281 303 1319 mihi
324 1293 409 1319 esse
431 1280 595 1331 speravi,
621 1290 669 1316 ne
694 1278 792 1315 ratio
812 1276 929 1314 huius
957 1275 1228 1314 commentarii
1251 1274 1546 1313 deformaretur.

293 1339 343 1378 Ut
362 1339 502 1377 Donati
522 1337 812 1387 commentario,
833 1336 889 1374 sic
908 1334 997 1372 huic
1020 1345 1173 1384 quoque
1195 1332 1286 1370 olim
1307 1334 1382 1371 vita
1409 1338 1545 1384 poetae

205 1399 359 1437 videtur
390 1398 612 1449 praeposita
644 1397 776 1446 fuisse,
809 1394 877 1432 sed
910 1405 1003 1432 casu
1034 1393 1178 1430 factum
1211 1397 1286 1443 est,
1317 1397 1359 1430 ut
1393 1393 1432 1430 in
1466 1404 1545 1430 om-

204 1457 321 1496 nihus
354 1457 465 1494 libris
497 1468 615 1494 manu
648 1455 806 1504 scriptis
838 1453 1029 1490 interiret.
1082 1451 1125 1488 In
1150 1450 1180 1488 D
1208 1449 1344 1488 folium
1375 1453 1546 1501 primum

206 1517 535 1567 antiquissimum,
565 1526 668 1552 nunc
696 1524 859 1550 numero
886 1510 1102 1549 secundum
1122 1532 1176 1536 -—
1197 1521 1287 1547 nam
1314 1509 1417 1559 quod
1443 1522 1546 1548 nunc

206 1580 266 1613 est
296 1577 485 1626 primum,
523 1573 743 1612 recentiore
777 1575 900 1609 aetate
933 1569 1148 1620 praefixum
1182 1573 1240 1606 est
1268 1590 1321 1594 -—
1355 1567 1545 1619 temporis

206 1636 411 1684 iniquitate
450 1639 489 1672 et
525 1642 797 1683 possessorum
835 1630 988 1668 incuria
1026 1630 1078 1666 ita
1114 1632 1342 1677 corruptum
1374 1632 1450 1678 est,
1492 1633 1546 1678 ut,

207 1705 305 1745 quae
339 1691 485 1731 scholia
516 1693 557 1729 in
589 1690 751 1728 adversa
781 1689 922 1739 pagina
954 1688 1099 1737 scripta
1130 1686 1300 1737 fuerant,
1333 1698 1436 1724 nunc
1470 1685 1545 1735 legi

205 1764 286 1791 non
319 1756 472 1802 queant.
525 1750 577 1788 Ac
610 1761 658 1787 ne
692 1747 723 1785 G
756 1747 913 1797 quidem
945 1747 1111 1796 primam
1141 1746 1323 1795 paginam
1354 1745 1548 1794 integram

206 1811 340 1861 habet,
378 1815 420 1848 ut
457 1809 532 1859 legi
570 1808 704 1859 possit.
766 1805 849 1844 Etsi
884 1805 1079 1855 margines
1112 1803 1269 1842 scholiis
1301 1802 1394 1841 olim
1426 1803 1547 1842 reser-

205 1872 379 1909 tissimas
406 1870 525 1907 fuisse
554 1867 814 1917 cognoscitur,
846 1869 976 1902 tamen
1009 1863 1216 1901 atramenti
1247 1861 1354 1900 color
1385 1874 1547 1913 prorsus

207 1930 364 1968 evanuit
395 1932 433 1966 et
465 1926 683 1965 litterarum
716 1924 856 1962 ductus
889 1923 1023 1961 detriti
1054 1934 1097 1960 ac
1129 1920 1354 1960 recentibus
1386 1920 1546 1959 scholiis

208 1987 486 2039 superscriptis
524 1996 646 2036 paene
686 1982 805 2021 deleti
837 1986 938 2021 sunt.
1000 1980 1057 2019 Ex
1089 1981 1373 2030 antiquissimis
1405 1979 1548 2017 litteris

16 2031 247 2089 {laam-in
269 2057 451 2097 suprema
473 2045 647 2094 margine
670 2042 825 2092 scriptis
846 2041 939 2091 legi:
967 2037 1310 2079 COMMENTARH
1329 2037 1547 2077 OOPEIVS.

23 2100 177 2148 Pb‘rfim
206 2105 377 2143 Litterae
410 2102 481 2142 OO
519 2104 690 2141 incertae
730 2105 830 2139 sunt.
891 2099 946 2137 De
983 2100 1140 2137 nomine
1177 2096 1411 2148 Calliopeius
1451 2092 1547 2150 (pro

16 2147 172 2245 [20⁴²st
178 2176 184 2184 ¹
208 2158 440 2216 Calliopius)
468 2163 530 2200 vix
557 2162 763 2212 quisquam
792 2157 993 2210 cogitabit,
1026 2170 1114 2196 cum
1140 2170 1213 2196 nec
1240 2157 1409 2207 spatium
1435 2156 1547 2205 quin-

21 2197 283 2290 „iffi-dantque
315 2222 457 2260 litteris
479 2217 604 2259 ‘Calli'
630 2218 796 2258 sufficiat
827 2230 898 2256 nec
926 2217 1201 2267 compendium
1231 2215 1348 2253 huius
1376 2215 1547 2252 nominis

14 2297 166 2340 mm,
207 2282 248 2319 in
285 2293 361 2319 usu
397 2280 519 2318 fuisse
556 2278 744 2317 videatur.
805 2277 850 2315 In
886 2276 1014 2314 media
1054 2277 1195 2326 pagina
1233 2285 1371 2312 recens
1408 2284 1547 2311 manus

208 2341 382 2390 scripsit:
425 2336 652 2388 ‘Calliopius
684 2337 880 2388 recitator,
912 2334 1108 2373 Lanuvius
1141 2328 1320 2372 emulus?
1370 2331 1487 2369 Liber
1512 2330 1550 2369 M

19 2354 204 2458 ssssyfff·
233 2413 238 2418 ·
