1681 2576
524 83 686 128 Adelphi
708 84 770 128 111,
791 87 812 117 4
823 104 864 108 —
875 83 936 127 1V,
958 87 988 118 3.
1345 81 1427 123 157

695 194 754 246 lv,
781 192 818 232 2.

173 271 200 312 5
228 271 465 322 decernere]
500 271 712 321 diudieare,
745 282 864 320 quare
897 270 970 308 hoe
1002 270 1099 308 mihi
1131 269 1275 308 malum
1308 270 1431 307 conti-

86 331 197 383 gerit.
243 331 268 371 8
295 329 502 380 obmmtio]
537 330 731 368 contraria
758 330 906 367 nuntio,
955 327 1009 367 10
1035 328 1233 378 Ctesipho]
1269 328 1431 366 audiens

86 396 237 442 patrem
261 402 375 428 suum
395 389 774 440 appropinquantem
795 388 929 426 domui
950 389 1049 426 DM.
1102 385 1156 426 15
1177 400 1255 426 non
1276 386 1430 436 hercle]

87 450 255 500 lugendo
286 450 328 487 G.
384 447 517 486 fallere
550 446 684 484 volens
717 446 839 497 Syrus
868 446 1051 485 Demeam
1082 447 1157 484 hoe
1188 445 1432 496 loquebatur,
1485 452 1503 481 5

88 510 201 559 qnasi
227 506 410 557 Ctesipho
442 507 705 557 percussisset
737 517 827 543 eum
859 506 999 544 DCM.
1059 504 1111 544 17
1143 504 1304 554 ycmnit]
1338 517 1433 543 vana

88 567 272 617 loquitur.
315 563 371 604 20
391 564 532 614 usque]
554 563 675 602 valde.
719 562 774 602 23
795 576 873 603 non
890 563 1100 614 puduisse]
1123 576 1312 614 suspense
1334 565 1433 602 ΒΜ.

89 623 147 664 24
184 624 397 673 tantillum]
437 622 652 674 parvulum.
716 620 772 661 25
808 623 1027 673 patrissas]
1065 628 1218 674 patrem
1255 624 1435 672 imitaris,

89 696 198 723 more
235 684 358 734 patris
394 684 486 732 agis.
550 681 760 732 alloquitur
792 681 994 720 absentem
1027 683 1139 732 quasi
1175 686 1434 732 praesentem.

92 742 145 782 27
164 741 379 792 perquam]
404 740 513 779 valde
534 741 689 778 fortiter
710 740 811 779 fecit.
858 739 912 779 32
935 740 1197 790 diminuetur]
1223 741 1435 790 frangetur.
1466 746 1506 776 10

92 799 148 840 35
163 800 406 851 praeterito]
427 801 636 851 pertransi.
686 797 740 838 36
763 799 900 849 clivos]
923 800 1138 838 descensus
1158 800 1257 838 ΒΜ.
1307 797 1360 838 37
1384 801 1440 838 acl

91 862 197 899 lianc
217 858 397 908 manum]
425 860 555 897 innuit
580 860 616 896 ei
639 870 728 896 eum
751 870 870 896 manu
891 859 989 896 ΒΜ.
1039 858 1247 908 sacellum]
1275 870 1437 909 parmm

93 930 247 957 sacrum
279 919 318 970 C,
354 930 465 956 sacer
496 917 606 956 loeus
642 918 738 955 EM.
800 916 1074 966 anqiportum]
1107 919 1238 956 neutri
1270 918 1438 967 generis.

96 978 325 1028 angiportus
355 981 415 1014 est
441 977 576 1014 stricta
603 981 642 1014 et
664 970 778 1014 ‘recta
804 977 864 1014 via
897 976 1044 1015 ducens
1077 976 1123 1014 ad
1155 981 1312 1027 portum
1338 977 1438 1015 ΒΜ.

94 1035 149 1075 38
165 1034 402 1085 caprificus]
425 1035 539 1073 arbor
560 1047 766 1085 caprarum
786 1035 825 1072 id
846 1040 906 1073 est
926 1035 1182 1086 caprifolinin.
1220 1032 1278 1074 4O
1295 1048 1437 1074 censen
1468 1040 1510 1070 15

93 1097 288 1134 hominem
319 1106 380 1133 me
412 1093 512 1143 esse]
554 1095 587 1131 si
618 1095 723 1131 enim
760 1094 876 1131 homo
912 1106 1041 1132 essem
1076 1099 1114 1132 et
1150 1106 1230 1132 non
1266 1093 1364 1145 lapis
1397 1106 1439 1132 ac

94 1165 165 1205 per
205 1153 278 1191 hoe
317 1152 477 1203 stultus,
518 1164 598 1190 non
636 1165 697 1190 me
739 1152 811 1190 hoc
851 1152 1012 1191 falleret.
1081 1151 1137 1191 43
1177 1155 1233 1192 ad
1262 1153 1439 1203 Dianae]

96 1211 178 1250 scil.
204 1211 405 1262 templum.
468 1209 525 1250 45
557 1211 751 1261 pistrilla]
786 1213 1009 1262 pistrinum.
1068 1211 1252 1262 fabrica]
1288 1212 1443 1250 officina

95 1270 195 1309 fabri
227 1271 475 1321 carpentarii.
537 1267 593 1309 46
627 1273 667 1308 in
700 1270 797 1319 sole]
838 1270 932 1309 dum
967 1270 1115 1309 calidus
1149 1276 1210 1309 est
1241 1271 1300 1309 sol
1332 1276 1370 1310 et
1401 1272 1442 1309 in

96 1329 223 1368 calore
244 1334 316 1380 est,
336 1329 375 1367 id
397 1333 456 1367 est
476 1329 569 1367 dum
584 1334 644 1366 est
664 1328 748 1367 dies
763 1330 864 1381 DM,
891 1331 931 1368 in
958 1335 1105 1368 aestate
1129 1331 1171 1368 G.
1212 1329 1387 1380 iliqneis]
1403 1329 1442 1368 id
1470 1334 1514 1364 20

97 1393 169 1439 est,
203 1389 269 1438 qui
307 1387 473 1425 habeant
498 1387 618 1438 pedes
651 1400 698 1425 ex
730 1387 829 1426 ilice.
891 1386 948 1428 48
983 1391 998 1427 i
1026 1388 1141 1439 sane]
1177 1388 1338 1427 silenter
1370 1389 1442 1427 hoc

98 1447 206 1485 dixit.
239 1446 504 1496 silicernium]
521 1446 693 1485 vetulum
712 1451 750 1485 et
764 1459 939 1499 curvum,
961 1449 1072 1498 quasi
1093 1447 1223 1487 silices
1245 1447 1444 1499 sepulcro-

97 1517 185 1543 rum
204 1507 280 1543 iam
300 1504 580 1557 intendentem,
599 1510 637 1544 et
658 1509 716 1543 est
730 1505 937 1544 masculini
951 1508 1108 1556 generis
1129 1507 1222 1544 ΒΜ
1245 1506 1314 1556 [ef.
1330 1508 1443 1555 Fuly.

96 1576 212 1603 serm.
240 1570 321 1603 ant.
347 1563 410 1615 8];
444 1576 562 1602 senex
595 1564 723 1615 homo,
759 1566 825 1614 qui
861 1577 902 1603 se
937 1577 1016 1604 non
1052 1570 1181 1616 potest
1216 1567 1367 1616 erigere
1401 1567 1443 1604 G.

96 1620 153 1661 49
180 1622 331 1672 odiose]
362 1622 571 1661 fastidiose.
618 1621 672 1662 52
701 1624 885 1673 cyathos]
914 1630 1083 1675 staupos.
1122 1624 1338 1674 sorbilans]
1362 1636 1444 1662 sor·
1472 1628 1515 1659 ‘25

96 1681 224 1720 bendo
251 1680 401 1719 bibens.

707 1763 766 1815 lv,
793 1762 828 1802 3

188 1838 286 1877 Dum
316 1838 438 1889 llegio
471 1838 646 1877 laudaret
673 1839 882 1879 Micionem
915 1843 1043 1880 omnia
1075 1842 1239 1881 honeste
1272 1842 1445 1881 iudicare

101 1899 246 1936 missus
280 1910 299 1935 a
333 1897 524 1949 Sostrata,
566 1897 660 1936 haec
694 1899 730 1936 ei
768 1900 980 1951 respondit.
1036 1899 1065 1939 4
1097 1901 1367 1951 expostulant]
1408 1902 1445 1939 id

104 1961 180 1995 est:
214 1957 281 2007 qui
306 1955 380 1994 hoe
405 1956 641 1994 invidiosum
666 1962 815 2010 putant,
849 1961 894 2012 si,
927 1972 1024 2010 quos
1057 1961 1133 2011 ipsi
1165 1962 1317 2011 priores
1344 1960 1447 1998 ultro
1475 1970 1518 2000 30

102 2015 314 2066 laeserant,
357 2016 521 2053 iniuriae
560 2015 768 2055 vindictam
811 2017 858 2056 ab
901 2019 958 2056 eis
997 2019 1256 2069 expostulant.
1319 2019 1448 2058 aliter:

104 2074 143 2112 id
164 2078 224 2111 est
244 2075 310 2124 qui
331 2073 590 2124 dedignantur
609 2074 712 2113 ultro
733 2076 994 2129 expostulare,
1018 2078 1055 2115 id
1078 2083 1135 2116 est
1158 2079 1251 2116 satis
1273 2078 1448 2117 faciendo

102 2132 256 2184 placare
278 2137 316 2171 et
336 2144 532 2184 accusare,
553 2145 667 2183 quam
688 2135 763 2185 ipsi
782 2136 959 2174 fecerunt
979 2138 1174 2175 iniuriam.
1208 2137 1245 2175 id
1265 2139 1353 2187 quia
1372 2150 1448 2175 non

106 2192 216 2242 facio,
248 2203 326 2229 non
359 2192 443 2229 iure
476 2190 623 2230 laudor.
676 2190 729 2232 16
763 2195 1038 2245 inpolenliam]
1072 2202 1351 2246 paulwrtatcm.

200 2319 244 2349 34
271 2326 344 2350 non
369 2326 435 2352 om.
464 2316 559 2352 DE.
