<?xml version="1.0" encoding="UTF-8"?>
<!DOCTYPE html PUBLIC "-//W3C//DTD XHTML 1.0 Transitional//EN"
    "http://www.w3.org/TR/xhtml1/DTD/xhtml1-transitional.dtd">
<html xmlns="http://www.w3.org/1999/xhtml" xml:lang="en" lang="en">
 <head>
  <title>
</title>
<meta http-equiv="Content-Type" content="text/html;charset=utf-8" />
  <meta name='ocr-system' content='tesseract 3.04.00' />
  <meta name='ocr-capabilities' content='ocr_page ocr_carea ocr_par ocr_line ocrx_word'/>
</head>
<body>
  <div class='ocr_page' id='page_1' title='image "./scholiaterentian00schluoft_0105.png"; bbox 0 0 1681 2576; ppageno 0'>
   <div class='ocr_carea' id='block_1_1' title="bbox 567 85 1443 132">
    <p class='ocr_par' dir='ltr' id='par_1_1' title="bbox 567 85 1443 132">
     <span class='ocr_line' id='line_1_1' title="bbox 567 85 1443 132; baseline -0.002 -8"><span class='ocrx_word' id='word_1_1' title='bbox 567 89 709 124; x_wconf 74' lang='lat' dir='ltr'>Andria</span> <span class='ocrx_word' id='word_1_2' title='bbox 727 88 771 132; x_wconf 87' lang='lat' dir='ltr'>V,</span> <span class='ocrx_word' id='word_1_3' title='bbox 793 91 812 121; x_wconf 85' lang='lat'>-2</span> <span class='ocrx_word' id='word_1_4' title='bbox 822 87 916 131; x_wconf 76' lang='lat' dir='ltr'>-v,</span> <span class='ocrx_word' id='word_1_5' title='bbox 937 90 968 122; x_wconf 85' lang='lat'>4.</span> <span class='ocrx_word' id='word_1_6' title='bbox 1385 85 1443 126; x_wconf 77' lang='lat'>93</span> 
     </span>
    </p>
   </div>
   <div class='ocr_carea' id='block_1_2' title="bbox 87 197 1444 369">
    <p class='ocr_par' dir='ltr' id='par_1_2' title="bbox 87 197 1444 369">
     <span class='ocr_line' id='line_1_2' title="bbox 103 197 1442 253; baseline -0.004 -13"><span class='ocrx_word' id='word_1_7' title='bbox 103 202 332 253; x_wconf 81' lang='lat' dir='ltr'>affectuose,</span> <span class='ocrx_word' id='word_1_8' title='bbox 364 200 444 239; x_wconf 94' lang='lat' dir='ltr'>noli</span> <span class='ocrx_word' id='word_1_9' title='bbox 476 200 570 238; x_wconf 89' lang='lat' dir='ltr'>mihi</span> <span class='ocrx_word' id='word_1_10' title='bbox 602 199 729 237; x_wconf 80' lang='lat' dir='ltr'>irasci.</span> <span class='ocrx_word' id='word_1_11' title='bbox 793 197 847 237; x_wconf 78' lang='lat'>26</span> <span class='ocrx_word' id='word_1_12' title='bbox 881 197 1000 247; x_wconf 77' lang='lat' dir='ltr'>dedo]</span> <span class='ocrx_word' id='word_1_13' title='bbox 1037 197 1179 235; x_wconf 81' lang='lat' dir='ltr'>dedere</span> <span class='ocrx_word' id='word_1_14' title='bbox 1213 202 1270 235; x_wconf 89' lang='lat' dir='ltr'>est</span> <span class='ocrx_word' id='word_1_15' title='bbox 1305 202 1442 248; x_wconf 86' lang='lat' dir='ltr'>sponte</span> 
     </span>
     <span class='ocr_line' id='line_1_3' title="bbox 105 254 1444 311; baseline -0.003 -12"><span class='ocrx_word' id='word_1_16' title='bbox 105 273 147 299; x_wconf 89' lang='lat' dir='ltr'>se</span> <span class='ocrx_word' id='word_1_17' title='bbox 168 260 284 298; x_wconf 88' lang='lat' dir='ltr'>alicui</span> <span class='ocrx_word' id='word_1_18' title='bbox 304 260 470 311; x_wconf 79' lang='lat' dir='ltr'>tradere,</span> <span class='ocrx_word' id='word_1_19' title='bbox 489 258 592 297; x_wconf 87' lang='lat' dir='ltr'>unde</span> <span class='ocrx_word' id='word_1_20' title='bbox 613 257 763 295; x_wconf 86' lang='lat' dir='ltr'>deditio</span> <span class='ocrx_word' id='word_1_21' title='bbox 782 262 994 307; x_wconf 89' lang='lat' dir='ltr'>spontanea</span> <span class='ocrx_word' id='word_1_22' title='bbox 1014 256 1183 295; x_wconf 75' lang='lat' dir='ltr'>traditio</span> <span class='ocrx_word' id='word_1_23' title='bbox 1207 256 1261 295; x_wconf 77' lang='lat' dir='ltr'>M.</span> <span class='ocrx_word' id='word_1_24' title='bbox 1298 254 1352 296; x_wconf 73' lang='lat'>28</span> <span class='ocrx_word' id='word_1_25' title='bbox 1375 258 1444 295; x_wconf 80' lang='lat' dir='ltr'>ad-</span> 
     </span>
     <span class='ocr_line' id='line_1_4' title="bbox 87 314 1093 369; baseline -0.005 -10"><span class='ocrx_word' id='word_1_26' title='bbox 87 316 297 369; x_wconf 54' lang='lat' dir='ltr'>semaam]</span> <span class='ocrx_word' id='word_1_27' title='bbox 331 314 351 357; x_wconf 80' lang='lat' dir='ltr'>a</span> <span class='ocrx_word' id='word_1_28' title='bbox 382 330 444 357; x_wconf 88' lang='lat' dir='ltr'>me</span> <span class='ocrx_word' id='word_1_29' title='bbox 476 319 516 356; x_wconf 90' lang='lat' dir='ltr'>in</span> <span class='ocrx_word' id='word_1_30' title='bbox 548 317 782 367; x_wconf 81' lang='lat' dir='ltr'>legationem</span> <span class='ocrx_word' id='word_1_31' title='bbox 815 316 1093 355; x_wconf 89' lang='lat' dir='ltr'>introductum.</span> 
     </span>
    </p>
   </div>
   <div class='ocr_carea' id='block_1_3' title="bbox 106 419 1527 2259">
    <p class='ocr_par' dir='ltr' id='par_1_3' title="bbox 721 419 825 474">
     <span class='ocr_line' id='line_1_5' title="bbox 721 419 825 474; baseline 0.01 -15"><span class='ocrx_word' id='word_1_32' title='bbox 721 422 762 474; x_wconf 52' lang='lat' dir='ltr'>l,</span> <span class='ocrx_word' id='word_1_33' title='bbox 787 419 825 460; x_wconf 84' lang='lat'>4.</span> 
     </span>
    </p>

    <p class='ocr_par' dir='ltr' id='par_1_4' title="bbox 106 492 1527 2259">
     <span class='ocr_line' id='line_1_6' title="bbox 195 492 1517 545; baseline -0.002 -13"><span class='ocrx_word' id='word_1_34' title='bbox 195 494 315 532; x_wconf 86' lang='lat' dir='ltr'>Datur</span> <span class='ocrx_word' id='word_1_35' title='bbox 340 494 525 545; x_wconf 83' lang='lat' dir='ltr'>intellegi,</span> <span class='ocrx_word' id='word_1_36' title='bbox 552 493 653 544; x_wconf 90' lang='lat' dir='ltr'>quod</span> <span class='ocrx_word' id='word_1_37' title='bbox 680 492 904 544; x_wconf 80' lang='lat' dir='ltr'>Pamphilus</span> <span class='ocrx_word' id='word_1_38' title='bbox 931 493 977 531; x_wconf 90' lang='lat' dir='ltr'>ad</span> <span class='ocrx_word' id='word_1_39' title='bbox 1002 492 1200 531; x_wconf 83' lang='lat' dir='ltr'>Critonem</span> <span class='ocrx_word' id='word_1_40' title='bbox 1226 493 1446 543; x_wconf 79' lang='lat' dir='ltr'>perrexerit</span> <span class='ocrx_word' id='word_1_41' title='bbox 1496 499 1517 529; x_wconf 86' lang='lat'>5</span> 
     </span>
     <span class='ocr_line' id='line_1_7' title="bbox 106 552 1446 607; baseline -0.002 -16"><span class='ocrx_word' id='word_1_42' title='bbox 106 554 334 604; x_wconf 80' lang='lat' dir='ltr'>deprecanS,</span> <span class='ocrx_word' id='word_1_43' title='bbox 366 558 410 591; x_wconf 89' lang='lat' dir='ltr'>ut</span> <span class='ocrx_word' id='word_1_44' title='bbox 440 565 575 591; x_wconf 84' lang='lat' dir='ltr'>seeum</span> <span class='ocrx_word' id='word_1_45' title='bbox 606 554 758 590; x_wconf 74' lang='lat' dir='ltr'>veniret</span> <span class='ocrx_word' id='word_1_46' title='bbox 790 557 828 590; x_wconf 89' lang='lat' dir='ltr'>et</span> <span class='ocrx_word' id='word_1_47' title='bbox 860 557 948 607; x_wconf 75' lang='lat' dir='ltr'>ante</span> <span class='ocrx_word' id='word_1_48' title='bbox 980 554 1244 602; x_wconf 81' lang='lat' dir='ltr'>praesentiam</span> <span class='ocrx_word' id='word_1_49' title='bbox 1277 552 1446 589; x_wconf 83' lang='lat' dir='ltr'>Simonis</span> 
     </span>
     <span class='ocr_line' id='line_1_8' title="bbox 107 602 1448 663; baseline -0.001 -13"><span class='ocrx_word' id='word_1_50' title='bbox 107 617 145 650; x_wconf 64' lang='lat' dir='ltr'>et</span> <span class='ocrx_word' id='word_1_51' title='bbox 165 611 395 663; x_wconf 79' lang='lat' dir='ltr'>Chremetis,</span> <span class='ocrx_word' id='word_1_52' title='bbox 423 611 608 662; x_wconf 85' lang='lat' dir='ltr'>quicquid</span> <span class='ocrx_word' id='word_1_53' title='bbox 629 611 676 649; x_wconf 87' lang='lat' dir='ltr'>de</span> <span class='ocrx_word' id='word_1_54' title='bbox 704 602 903 649; x_wconf 77' lang='lat' dir='ltr'>nativitate</span> <span class='ocrx_word' id='word_1_55' title='bbox 924 610 1093 661; x_wconf 66' lang='lat' dir='ltr'>Glycerii</span> <span class='ocrx_word' id='word_1_56' title='bbox 1114 612 1246 662; x_wconf 88' lang='lat' dir='ltr'>sciret,</span> <span class='ocrx_word' id='word_1_57' title='bbox 1266 612 1448 661; x_wconf 84' lang='lat' dir='ltr'>aperiret,</span> 
     </span>
     <span class='ocr_line' id='line_1_9' title="bbox 107 669 1448 721; baseline -0.001 -12"><span class='ocrx_word' id='word_1_58' title='bbox 107 676 145 709; x_wconf 88' lang='lat' dir='ltr'>et</span> <span class='ocrx_word' id='word_1_59' title='bbox 178 669 270 709; x_wconf 85' lang='lat' dir='ltr'>dum</span> <span class='ocrx_word' id='word_1_60' title='bbox 303 683 391 709; x_wconf 91' lang='lat' dir='ltr'>cum</span> <span class='ocrx_word' id='word_1_61' title='bbox 418 683 463 709; x_wconf 91' lang='lat' dir='ltr'>eo</span> <span class='ocrx_word' id='word_1_62' title='bbox 496 672 572 709; x_wconf 87' lang='lat' dir='ltr'>iret</span> <span class='ocrx_word' id='word_1_63' title='bbox 601 675 639 708; x_wconf 90' lang='lat' dir='ltr'>et</span> <span class='ocrx_word' id='word_1_64' title='bbox 670 670 849 721; x_wconf 84' lang='lat' dir='ltr'>pluribus</span> <span class='ocrx_word' id='word_1_65' title='bbox 875 669 1006 708; x_wconf 74' lang='lat' dir='ltr'>verbis</span> <span class='ocrx_word' id='word_1_66' title='bbox 1032 669 1322 721; x_wconf 74' lang='lat' dir='ltr'>deprecaretur,</span> <span class='ocrx_word' id='word_1_67' title='bbox 1353 669 1448 707; x_wconf 82' lang='lat' dir='ltr'>haec</span> 
     </span>
     <span class='ocr_line' id='line_1_10' title="bbox 107 728 1449 768; baseline -0.003 0"><span class='ocrx_word' id='word_1_68' title='bbox 107 729 261 768; x_wconf 87' lang='lat' dir='ltr'>dicebat</span> <span class='ocrx_word' id='word_1_69' title='bbox 293 730 410 768; x_wconf 89' lang='lat' dir='ltr'>Crito.</span> <span class='ocrx_word' id='word_1_70' title='bbox 473 728 498 768; x_wconf 82' lang='lat'><strong>3</strong></span> <span class='ocrx_word' id='word_1_71' title='bbox 531 731 604 768; x_wconf 89' lang='lat' dir='ltr'>iste</span> <span class='ocrx_word' id='word_1_72' title='bbox 638 729 824 768; x_wconf 84' lang='lat' dir='ltr'>Chremes</span> <span class='ocrx_word' id='word_1_73' title='bbox 857 734 1018 767; x_wconf 71' lang='lat' dir='ltr'>noverat</span> <span class='ocrx_word' id='word_1_74' title='bbox 1055 733 1144 767; x_wconf 89' lang='lat' dir='ltr'>ante</span> <span class='ocrx_word' id='word_1_75' title='bbox 1177 728 1378 768; x_wconf 88' lang='lat' dir='ltr'>Critonem</span> <span class='ocrx_word' id='word_1_76' title='bbox 1411 733 1449 766; x_wconf 87' lang='lat' dir='ltr'>et</span> 
     </span>
     <span class='ocr_line' id='line_1_11' title="bbox 107 787 1521 838; baseline -0.002 -11"><span class='ocrx_word' id='word_1_77' title='bbox 107 789 243 827; x_wconf 85' lang='lat' dir='ltr'>videns</span> <span class='ocrx_word' id='word_1_78' title='bbox 276 801 366 827; x_wconf 88' lang='lat' dir='ltr'>eum</span> <span class='ocrx_word' id='word_1_79' title='bbox 397 790 619 827; x_wconf 81' lang='lat' dir='ltr'>venientem</span> <span class='ocrx_word' id='word_1_80' title='bbox 650 788 730 827; x_wconf 92' lang='lat' dir='ltr'>ibat</span> <span class='ocrx_word' id='word_1_81' title='bbox 762 793 896 827; x_wconf 76' lang='lat' dir='ltr'>contra</span> <span class='ocrx_word' id='word_1_82' title='bbox 928 801 1027 826; x_wconf 85' lang='lat' dir='ltr'>eum.</span> <span class='ocrx_word' id='word_1_83' title='bbox 1095 788 1278 838; x_wconf 75' lang='lat' dir='ltr'>Chreme]</span> <span class='ocrx_word' id='word_1_84' title='bbox 1311 787 1358 826; x_wconf 86' lang='lat' dir='ltr'>ab</span> <span class='ocrx_word' id='word_1_85' title='bbox 1392 799 1450 838; x_wconf 89' lang='lat' dir='ltr'>eo,</span> <span class='ocrx_word' id='word_1_86' title='bbox 1480 793 1521 824; x_wconf 88' lang='lat'>10</span> 
     </span>
     <span class='ocr_line' id='line_1_12' title="bbox 108 847 1450 900; baseline -0.002 -14"><span class='ocrx_word' id='word_1_87' title='bbox 108 848 212 899; x_wconf 85' lang='lat' dir='ltr'>quod</span> <span class='ocrx_word' id='word_1_88' title='bbox 254 853 314 886; x_wconf 89' lang='lat' dir='ltr'>est</span> <span class='ocrx_word' id='word_1_89' title='bbox 349 848 554 900; x_wconf 86' lang='lat' dir='ltr'>Chremes,</span> <span class='ocrx_word' id='word_1_90' title='bbox 595 848 832 900; x_wconf 89' lang='lat' dir='ltr'>Chremetis,</span> <span class='ocrx_word' id='word_1_91' title='bbox 872 849 978 886; x_wconf 84' lang='lat' dir='ltr'>venit</span> <span class='ocrx_word' id='word_1_92' title='bbox 1015 847 1201 886; x_wconf 87' lang='lat' dir='ltr'>Chremes</span> <span class='ocrx_word' id='word_1_93' title='bbox 1239 847 1450 897; x_wconf 70' lang='lat' dir='ltr'>vocativus,</span> 
     </span>
     <span class='ocr_line' id='line_1_13' title="bbox 108 906 1450 959; baseline -0.001 -14"><span class='ocrx_word' id='word_1_94' title='bbox 108 912 147 945; x_wconf 87' lang='lat' dir='ltr'>et</span> <span class='ocrx_word' id='word_1_95' title='bbox 185 907 230 945; x_wconf 88' lang='lat' dir='ltr'>ab</span> <span class='ocrx_word' id='word_1_96' title='bbox 269 919 333 959; x_wconf 86' lang='lat' dir='ltr'>e0,</span> <span class='ocrx_word' id='word_1_97' title='bbox 378 907 481 958; x_wconf 91' lang='lat' dir='ltr'>quod</span> <span class='ocrx_word' id='word_1_98' title='bbox 520 912 580 945; x_wconf 90' lang='lat' dir='ltr'>est</span> <span class='ocrx_word' id='word_1_99' title='bbox 617 907 822 959; x_wconf 87' lang='lat' dir='ltr'>Chremes,</span> <span class='ocrx_word' id='word_1_100' title='bbox 867 906 1063 958; x_wconf 89' lang='lat' dir='ltr'>Chremis,</span> <span class='ocrx_word' id='word_1_101' title='bbox 1107 908 1213 945; x_wconf 76' lang='lat' dir='ltr'>venit</span> <span class='ocrx_word' id='word_1_102' title='bbox 1251 907 1450 944; x_wconf 66' lang='lat' dir='ltr'>vocativus</span> 
     </span>
     <span class='ocr_line' id='line_1_14' title="bbox 108 963 1450 1017; baseline -0.001 -13"><span class='ocrx_word' id='word_1_103' title='bbox 108 979 130 1003; x_wconf 89' lang='lat'>0</span> <span class='ocrx_word' id='word_1_104' title='bbox 158 966 334 1004; x_wconf 88' lang='lat' dir='ltr'>Chreme.</span> <span class='ocrx_word' id='word_1_105' title='bbox 374 967 420 1005; x_wconf 90' lang='lat' dir='ltr'>E.</span> <span class='ocrx_word' id='word_1_106' title='bbox 464 963 492 1004; x_wconf 84' lang='lat'><strong>4</strong></span> <span class='ocrx_word' id='word_1_107' title='bbox 524 965 712 1016; x_wconf 76' lang='lat' dir='ltr'>insolens]</span> <span class='ocrx_word' id='word_1_108' title='bbox 746 967 924 1004; x_wconf 89' lang='lat' dir='ltr'>insuetus</span> <span class='ocrx_word' id='word_1_109' title='bbox 956 967 1004 1017; x_wconf 87' lang='lat' dir='ltr'>D,</span> <span class='ocrx_word' id='word_1_110' title='bbox 1036 978 1114 1004; x_wconf 92' lang='lat' dir='ltr'>non</span> <span class='ocrx_word' id='word_1_111' title='bbox 1146 965 1284 1004; x_wconf 87' lang='lat' dir='ltr'>solitus</span> <span class='ocrx_word' id='word_1_112' title='bbox 1316 966 1450 1003; x_wconf 74' lang='lat' dir='ltr'>venire</span> 
     </span>
     <span class='ocr_line' id='line_1_15' title="bbox 109 1022 1451 1077; baseline -0.001 -13"><span class='ocrx_word' id='word_1_113' title='bbox 109 1026 293 1064; x_wconf 86' lang='lat' dir='ltr'>DCEM.</span> <span class='ocrx_word' id='word_1_114' title='bbox 356 1024 380 1065; x_wconf 81' lang='lat'>8</span> <span class='ocrx_word' id='word_1_115' title='bbox 415 1025 562 1076; x_wconf 74' lang='lat' dir='ltr'>inlz&#39;cz&#39;s]</span> <span class='ocrx_word' id='word_1_116' title='bbox 604 1037 809 1077; x_wconf 81' lang='lat' dir='ltr'>provocas,</span> <span class='ocrx_word' id='word_1_117' title='bbox 849 1025 1014 1064; x_wconf 88' lang='lat' dir='ltr'>inducis.</span> <span class='ocrx_word' id='word_1_118' title='bbox 1077 1022 1102 1063; x_wconf 82' lang='lat'>9</span> <span class='ocrx_word' id='word_1_119' title='bbox 1136 1023 1283 1074; x_wconf 72' lang='lat' dir='ltr'>iactas]</span> <span class='ocrx_word' id='word_1_120' title='bbox 1317 1029 1451 1062; x_wconf 87' lang='lat' dir='ltr'>contu-</span> 
     </span>
     <span class='ocr_line' id='line_1_16' title="bbox 109 1082 1522 1135; baseline -0.001 -13"><span class='ocrx_word' id='word_1_121' title='bbox 109 1097 238 1123; x_wconf 88' lang='lat' dir='ltr'>maces</span> <span class='ocrx_word' id='word_1_122' title='bbox 280 1084 424 1122; x_wconf 86' lang='lat' dir='ltr'>reddis.</span> <span class='ocrx_word' id='word_1_123' title='bbox 491 1097 667 1124; x_wconf 77' lang='lat' dir='ltr'>sanusne</span> <span class='ocrx_word' id='word_1_124' title='bbox 704 1084 761 1134; x_wconf 80' lang='lat' dir='ltr'>es]</span> <span class='ocrx_word' id='word_1_125' title='bbox 804 1086 1051 1135; x_wconf 77' lang='lat' dir='ltr'>interruptio</span> <span class='ocrx_word' id='word_1_126' title='bbox 1128 1082 1179 1123; x_wconf 87' lang='lat'>11</span> <span class='ocrx_word' id='word_1_127' title='bbox 1221 1083 1352 1133; x_wconf 75' lang='lat' dir='ltr'>perii]</span> <span class='ocrx_word' id='word_1_128' title='bbox 1392 1094 1451 1121; x_wconf 89' lang='lat' dir='ltr'>se·</span> <span class='ocrx_word' id='word_1_129' title='bbox 1482 1089 1522 1121; x_wconf 88' lang='lat'>15</span> 
     </span>
     <span class='ocr_line' id='line_1_17' title="bbox 110 1142 1452 1194; baseline -0.002 -12"><span class='ocrx_word' id='word_1_130' title='bbox 110 1156 199 1182; x_wconf 87' lang='lat' dir='ltr'>cum</span> <span class='ocrx_word' id='word_1_131' title='bbox 243 1145 316 1182; x_wconf 88' lang='lat' dir='ltr'>ista</span> <span class='ocrx_word' id='word_1_132' title='bbox 359 1142 601 1194; x_wconf 82' lang='lat' dir='ltr'>loquebatur.</span> <span class='ocrx_word' id='word_1_133' title='bbox 676 1143 838 1181; x_wconf 87' lang='lat' dir='ltr'>audiens</span> <span class='ocrx_word' id='word_1_134' title='bbox 880 1143 1103 1194; x_wconf 90' lang='lat' dir='ltr'>Pamphilus</span> <span class='ocrx_word' id='word_1_135' title='bbox 1147 1148 1298 1194; x_wconf 88' lang='lat' dir='ltr'>patrem</span> <span class='ocrx_word' id='word_1_136' title='bbox 1337 1154 1452 1181; x_wconf 89' lang='lat' dir='ltr'>suum</span> 
     </span>
     <span class='ocr_line' id='line_1_18' title="bbox 109 1202 1452 1255; baseline -0.001 -14"><span class='ocrx_word' id='word_1_137' title='bbox 109 1203 208 1241; x_wconf 93' lang='lat' dir='ltr'>dure</span> <span class='ocrx_word' id='word_1_138' title='bbox 246 1203 354 1254; x_wconf 91' lang='lat' dir='ltr'>loqui</span> <span class='ocrx_word' id='word_1_139' title='bbox 392 1214 480 1241; x_wconf 89' lang='lat' dir='ltr'>cum</span> <span class='ocrx_word' id='word_1_140' title='bbox 513 1202 690 1254; x_wconf 90' lang='lat' dir='ltr'>Critone,</span> <span class='ocrx_word' id='word_1_141' title='bbox 728 1202 899 1255; x_wconf 88' lang='lat' dir='ltr'>dicebat,</span> <span class='ocrx_word' id='word_1_142' title='bbox 937 1204 1027 1253; x_wconf 93' lang='lat' dir='ltr'>quia</span> <span class='ocrx_word' id='word_1_143' title='bbox 1063 1202 1243 1255; x_wconf 85' lang='lat' dir='ltr'>timebat,</span> <span class='ocrx_word' id='word_1_144' title='bbox 1280 1214 1329 1240; x_wconf 90' lang='lat' dir='ltr'>ne</span> <span class='ocrx_word' id='word_1_145' title='bbox 1365 1214 1452 1240; x_wconf 89' lang='lat' dir='ltr'>suc-</span> 
     </span>
     <span class='ocr_line' id='line_1_19' title="bbox 111 1259 1453 1313; baseline -0.001 -12"><span class='ocrx_word' id='word_1_146' title='bbox 111 1261 315 1301; x_wconf 87' lang='lat' dir='ltr'>cumberet</span> <span class='ocrx_word' id='word_1_147' title='bbox 338 1261 444 1300; x_wconf 87' lang='lat' dir='ltr'>Crito</span> <span class='ocrx_word' id='word_1_148' title='bbox 471 1261 601 1300; x_wconf 76' lang='lat' dir='ltr'>verbis</span> <span class='ocrx_word' id='word_1_149' title='bbox 628 1263 762 1313; x_wconf 90' lang='lat' dir='ltr'>patris,</span> <span class='ocrx_word' id='word_1_150' title='bbox 793 1267 837 1299; x_wconf 90' lang='lat' dir='ltr'>ut</span> <span class='ocrx_word' id='word_1_151' title='bbox 861 1266 1010 1300; x_wconf 82' lang='lat' dir='ltr'>taceret</span> <span class='ocrx_word' id='word_1_152' title='bbox 1035 1263 1249 1300; x_wconf 85' lang='lat' dir='ltr'>veritatem.</span> <span class='ocrx_word' id='word_1_153' title='bbox 1303 1259 1355 1300; x_wconf 85' lang='lat'>13</span> <span class='ocrx_word' id='word_1_154' title='bbox 1383 1263 1453 1300; x_wconf 84' lang='lat' dir='ltr'>ad-</span> 
     </span>
     <span class='ocr_line' id='line_1_20' title="bbox 110 1319 1454 1373; baseline -0.001 -13"><span class='ocrx_word' id='word_1_155' title='bbox 110 1321 346 1371; x_wconf 77' lang='lat' dir='ltr'>temperate]</span> <span class='ocrx_word' id='word_1_156' title='bbox 373 1321 545 1359; x_wconf 84' lang='lat' dir='ltr'>factiose.</span> <span class='ocrx_word' id='word_1_157' title='bbox 598 1319 651 1360; x_wconf 87' lang='grc'>16</span> <span class='ocrx_word' id='word_1_158' title='bbox 671 1321 939 1371; x_wconf 73' lang='lat' dir='ltr'>sycophanta]</span> <span class='ocrx_word' id='word_1_159' title='bbox 965 1321 1233 1373; x_wconf 77' lang='lat' dir='ltr'>calumniator,</span> <span class='ocrx_word' id='word_1_160' title='bbox 1258 1325 1454 1359; x_wconf 74' lang='lat' dir='ltr'>veterator</span> 
     </span>
     <span class='ocr_line' id='line_1_21' title="bbox 113 1379 1526 1431; baseline 0 -12"><span class='ocrx_word' id='word_1_161' title='bbox 113 1380 187 1429; x_wconf 80' lang='lat' dir='ltr'>[G.·</span> <span class='ocrx_word' id='word_1_162' title='bbox 225 1382 291 1431; x_wconf 88' lang='lat' dir='ltr'>qui</span> <span class='ocrx_word' id='word_1_163' title='bbox 327 1392 398 1431; x_wconf 90' lang='lat' dir='ltr'>pro</span> <span class='ocrx_word' id='word_1_164' title='bbox 430 1380 497 1418; x_wconf 87' lang='lat' dir='ltr'>vili</span> <span class='ocrx_word' id='word_1_165' title='bbox 532 1392 572 1418; x_wconf 90' lang='lat' dir='ltr'>re</span> <span class='ocrx_word' id='word_1_166' title='bbox 611 1382 729 1418; x_wconf 84' lang='lat' dir='ltr'>morti</span> <span class='ocrx_word' id='word_1_167' title='bbox 761 1379 1041 1431; x_wconf 76' lang='lat' dir='ltr'>deputabitur].</span> <span class='ocrx_word' id='word_1_168' title='bbox 1097 1380 1203 1430; x_wconf 78' lang='lat' dir='ltr'>hem]</span> <span class='ocrx_word' id='word_1_169' title='bbox 1235 1381 1453 1419; x_wconf 80' lang='lat' dir='ltr'>irascentis.</span> <span class='ocrx_word' id='word_1_170' title='bbox 1481 1387 1526 1419; x_wconf 73' lang='lat'>‘20</span> 
     </span>
     <span class='ocr_line' id='line_1_22' title="bbox 115 1438 1455 1490; baseline 0 -13"><span class='ocrx_word' id='word_1_171' title='bbox 115 1438 168 1479; x_wconf 76' lang='lat'>18</span> <span class='ocrx_word' id='word_1_172' title='bbox 201 1451 274 1488; x_wconf 65' lang='lat' dir='ltr'>eqo</span> <span class='ocrx_word' id='word_1_173' title='bbox 307 1438 448 1489; x_wconf 75' lang='lat' dir='ltr'>istaec]</span> <span class='ocrx_word' id='word_1_174' title='bbox 489 1440 599 1490; x_wconf 85' lang='lat' dir='ltr'>quasi</span> <span class='ocrx_word' id='word_1_175' title='bbox 632 1439 796 1478; x_wconf 86' lang='lat' dir='ltr'>diceret:</span> <span class='ocrx_word' id='word_1_176' title='bbox 835 1439 927 1490; x_wconf 89' lang='lat' dir='ltr'>quid</span> <span class='ocrx_word' id='word_1_177' title='bbox 960 1444 1070 1478; x_wconf 88' lang='lat' dir='ltr'>tuum</span> <span class='ocrx_word' id='word_1_178' title='bbox 1103 1440 1149 1477; x_wconf 92' lang='lat' dir='ltr'>ad</span> <span class='ocrx_word' id='word_1_179' title='bbox 1182 1452 1243 1478; x_wconf 91' lang='lat' dir='ltr'>me</span> <span class='ocrx_word' id='word_1_180' title='bbox 1282 1441 1455 1490; x_wconf 87' lang='lat' dir='ltr'>pertinet</span> 
     </span>
     <span class='ocr_line' id='line_1_23' title="bbox 113 1495 1454 1550; baseline -0.001 -14"><span class='ocrx_word' id='word_1_181' title='bbox 113 1495 287 1536; x_wconf 77' lang='lat' dir='ltr'>malum?</span> <span class='ocrx_word' id='word_1_182' title='bbox 343 1499 377 1536; x_wconf 91' lang='lat' dir='ltr'>si</span> <span class='ocrx_word' id='word_1_183' title='bbox 414 1497 486 1536; x_wconf 90' lang='lat' dir='ltr'>tibi</span> <span class='ocrx_word' id='word_1_184' title='bbox 524 1497 622 1537; x_wconf 88' lang='lat' dir='ltr'>bene</span> <span class='ocrx_word' id='word_1_185' title='bbox 656 1498 737 1536; x_wconf 85' lang='lat' dir='ltr'>dixi</span> <span class='ocrx_word' id='word_1_186' title='bbox 769 1510 817 1536; x_wconf 89' lang='lat' dir='ltr'>an</span> <span class='ocrx_word' id='word_1_187' title='bbox 849 1498 967 1550; x_wconf 89' lang='lat' dir='ltr'>male,</span> <span class='ocrx_word' id='word_1_188' title='bbox 1003 1504 1045 1537; x_wconf 89' lang='lat' dir='ltr'>tu</span> <span class='ocrx_word' id='word_1_189' title='bbox 1080 1500 1163 1549; x_wconf 88' lang='lat' dir='ltr'>ipse</span> <span class='ocrx_word' id='word_1_190' title='bbox 1197 1499 1299 1537; x_wconf 89' lang='lat' dir='ltr'>scire</span> <span class='ocrx_word' id='word_1_191' title='bbox 1331 1503 1454 1549; x_wconf 87' lang='lat' dir='ltr'>potes.</span> 
     </span>
     <span class='ocr_line' id='line_1_24' title="bbox 114 1556 1454 1608; baseline 0 -13"><span class='ocrx_word' id='word_1_192' title='bbox 114 1556 170 1596; x_wconf 79' lang='lat'>30</span> <span class='ocrx_word' id='word_1_193' title='bbox 203 1559 344 1606; x_wconf 65' lang='lat' dir='ltr'>arreye</span> <span class='ocrx_word' id='word_1_194' title='bbox 376 1556 514 1607; x_wconf 77' lang='lat' dir='ltr'>aures]</span> <span class='ocrx_word' id='word_1_195' title='bbox 549 1569 704 1596; x_wconf 87' lang='lat' dir='ltr'>resume</span> <span class='ocrx_word' id='word_1_196' title='bbox 736 1558 852 1608; x_wconf 70' lang='lat' dir='ltr'>viros,</span> <span class='ocrx_word' id='word_1_197' title='bbox 885 1557 991 1595; x_wconf 72' lang='lat' dir='ltr'>eleva</span> <span class='ocrx_word' id='word_1_198' title='bbox 1023 1562 1193 1596; x_wconf 84' lang='lat' dir='ltr'>mentem</span> <span class='ocrx_word' id='word_1_199' title='bbox 1224 1557 1268 1595; x_wconf 92' lang='lat' dir='ltr'>ad</span> <span class='ocrx_word' id='word_1_200' title='bbox 1303 1557 1454 1596; x_wconf 85' lang='lat' dir='ltr'>intelle-</span> 
     </span>
     <span class='ocr_line' id='line_1_25' title="bbox 115 1616 1454 1668; baseline 0.001 -15"><span class='ocrx_word' id='word_1_201' title='bbox 115 1616 295 1667; x_wconf 76' lang='lat' dir='ltr'>gendum.</span> <span class='ocrx_word' id='word_1_202' title='bbox 339 1628 472 1654; x_wconf 86' lang='lat' dir='ltr'>secum</span> <span class='ocrx_word' id='word_1_203' title='bbox 507 1618 578 1654; x_wconf 79' lang='lat' dir='ltr'>ista</span> <span class='ocrx_word' id='word_1_204' title='bbox 612 1616 843 1667; x_wconf 49' lang='lat' dir='ltr'>lo‹*1uebatur</span> <span class='ocrx_word' id='word_1_205' title='bbox 874 1616 1110 1668; x_wconf 85' lang='lat' dir='ltr'>Pamphilus,</span> <span class='ocrx_word' id='word_1_206' title='bbox 1143 1617 1235 1655; x_wconf 89' lang='grc'><strong>(111111</strong></span> <span class='ocrx_word' id='word_1_207' title='bbox 1266 1617 1355 1655; x_wconf 83' lang='lat' dir='ltr'>talia</span> <span class='ocrx_word' id='word_1_208' title='bbox 1389 1629 1454 1655; x_wconf 89' lang='lat' dir='ltr'>au-</span> 
     </span>
     <span class='ocr_line' id='line_1_26' title="bbox 113 1673 1525 1728; baseline 0.001 -15"><span class='ocrx_word' id='word_1_209' title='bbox 113 1675 227 1713; x_wconf 88' lang='lat' dir='ltr'>diret.</span> <span class='ocrx_word' id='word_1_210' title='bbox 297 1673 349 1714; x_wconf 79' lang='grc'>37</span> <span class='ocrx_word' id='word_1_211' title='bbox 389 1675 621 1725; x_wconf 66' lang='lat' dir='ltr'>scrupulus}</span> <span class='ocrx_word' id='word_1_212' title='bbox 667 1675 837 1714; x_wconf 80' lang='lat' dir='ltr'>calculus</span> <span class='ocrx_word' id='word_1_213' title='bbox 880 1681 956 1727; x_wconf 83' lang='lat' dir='ltr'>est,</span> <span class='ocrx_word' id='word_1_214' title='bbox 1002 1675 1156 1727; x_wconf 88' lang='lat' dir='ltr'>lapillus</span> <span class='ocrx_word' id='word_1_215' title='bbox 1197 1676 1343 1728; x_wconf 73' lang='lat' dir='ltr'>brevis,</span> <span class='ocrx_word' id='word_1_216' title='bbox 1388 1677 1455 1726; x_wconf 87' lang='lat' dir='ltr'>qui</span> <span class='ocrx_word' id='word_1_217' title='bbox 1481 1683 1525 1715; x_wconf 79' lang='lat'>25</span> 
     </span>
     <span class='ocr_line' id='line_1_27' title="bbox 113 1733 1454 1786; baseline -0.001 -13"><span class='ocrx_word' id='word_1_218' title='bbox 113 1734 352 1773; x_wconf 74' lang='lat' dir='ltr'>calcantibus</span> <span class='ocrx_word' id='word_1_219' title='bbox 384 1733 601 1772; x_wconf 82' lang='lat' dir='ltr'>molestiam</span> <span class='ocrx_word' id='word_1_220' title='bbox 635 1735 770 1786; x_wconf 83' lang='lat' dir='ltr'>insert,</span> <span class='ocrx_word' id='word_1_221' title='bbox 811 1734 915 1773; x_wconf 89' lang='lat' dir='ltr'>unde</span> <span class='ocrx_word' id='word_1_222' title='bbox 948 1740 986 1773; x_wconf 84' lang='lat' dir='ltr'>et</span> <span class='ocrx_word' id='word_1_223' title='bbox 1018 1735 1245 1786; x_wconf 80' lang='lat' dir='ltr'>scrupulosa</span> <span class='ocrx_word' id='word_1_224' title='bbox 1278 1736 1454 1786; x_wconf 80' lang='lat' dir='ltr'>quaestio</span> 
     </span>
     <span class='ocr_line' id='line_1_28' title="bbox 113 1792 1455 1843; baseline 0 -12"><span class='ocrx_word' id='word_1_225' title='bbox 113 1793 223 1832; x_wconf 69' lang='lat' dir='ltr'>valde</span> <span class='ocrx_word' id='word_1_226' title='bbox 250 1793 432 1831; x_wconf 84' lang='lat' dir='ltr'>difficilis.</span> <span class='ocrx_word' id='word_1_227' title='bbox 489 1796 635 1842; x_wconf 58' lang='lat' dir='ltr'>dianus</span> <span class='ocrx_word' id='word_1_228' title='bbox 661 1793 718 1843; x_wconf 85' lang='lat' dir='ltr'>es]</span> <span class='ocrx_word' id='word_1_229' title='bbox 752 1798 795 1831; x_wconf 90' lang='lat' dir='ltr'>ut</span> <span class='ocrx_word' id='word_1_230' title='bbox 826 1792 1005 1832; x_wconf 82' lang='lat' dir='ltr'>habearis</span> <span class='ocrx_word' id='word_1_231' title='bbox 1033 1794 1120 1832; x_wconf 82' lang='lat' dir='ltr'>odio</span> <span class='ocrx_word' id='word_1_232' title='bbox 1148 1807 1236 1833; x_wconf 89' lang='lat' dir='ltr'>cum</span> <span class='ocrx_word' id='word_1_233' title='bbox 1268 1800 1333 1833; x_wconf 86' lang='lat' dir='ltr'>tua</span> <span class='ocrx_word' id='word_1_234' title='bbox 1366 1793 1455 1833; x_wconf 87' lang='lat' dir='ltr'>reli-</span> 
     </span>
     <span class='ocr_line' id='line_1_29' title="bbox 114 1852 1455 1904; baseline 0.001 -14"><span class='ocrx_word' id='word_1_235' title='bbox 114 1854 248 1904; x_wconf 82' lang='lat' dir='ltr'>gione,</span> <span class='ocrx_word' id='word_1_236' title='bbox 286 1852 388 1903; x_wconf 91' lang='lat' dir='ltr'>quod</span> <span class='ocrx_word' id='word_1_237' title='bbox 427 1852 581 1891; x_wconf 87' lang='lat' dir='ltr'>dubitas</span> <span class='ocrx_word' id='word_1_238' title='bbox 620 1853 718 1891; x_wconf 78' lang='lat' dir='ltr'>banc</span> <span class='ocrx_word' id='word_1_239' title='bbox 758 1858 863 1891; x_wconf 88' lang='lat' dir='ltr'>tuam</span> <span class='ocrx_word' id='word_1_240' title='bbox 900 1865 998 1892; x_wconf 82' lang='lat' dir='ltr'>esse.</span> <span class='ocrx_word' id='word_1_241' title='bbox 1044 1854 1142 1892; x_wconf 75' lang='grc' dir='ltr'>ΒΜ.</span> <span class='ocrx_word' id='word_1_242' title='bbox 1206 1855 1285 1892; x_wconf 80' lang='lat' dir='ltr'>sive</span> <span class='ocrx_word' id='word_1_243' title='bbox 1323 1854 1455 1892; x_wconf 84' lang='lat' dir='ltr'>odium</span> 
     </span>
     <span class='ocr_line' id='line_1_30' title="bbox 115 1910 1455 1965; baseline 0 -16"><span class='ocrx_word' id='word_1_244' title='bbox 115 1912 326 1961; x_wconf 81' lang='lat' dir='ltr'>separatim</span> <span class='ocrx_word' id='word_1_245' title='bbox 358 1910 565 1962; x_wconf 85' lang='lat' dir='ltr'>legendum</span> <span class='ocrx_word' id='word_1_246' title='bbox 597 1917 674 1964; x_wconf 81' lang='lat' dir='ltr'>est,</span> <span class='ocrx_word' id='word_1_247' title='bbox 711 1917 755 1950; x_wconf 87' lang='grc'>111</span> <span class='ocrx_word' id='word_1_248' title='bbox 786 1913 854 1950; x_wconf 84' lang='lat' dir='ltr'>sit:</span> <span class='ocrx_word' id='word_1_249' title='bbox 887 1912 1028 1963; x_wconf 80' lang='lat' dir='ltr'>dignus</span> <span class='ocrx_word' id='word_1_250' title='bbox 1060 1925 1120 1965; x_wconf 86' lang='lat' dir='ltr'>es,</span> <span class='ocrx_word' id='word_1_251' title='bbox 1153 1914 1241 1964; x_wconf 88' lang='lat' dir='ltr'>quia</span> <span class='ocrx_word' id='word_1_252' title='bbox 1275 1912 1455 1951; x_wconf 79' lang='lat' dir='ltr'>habearis</span> 
     </span>
     <span class='ocr_line' id='line_1_31' title="bbox 116 1968 1527 2023; baseline 0.003 -16"><span class='ocrx_word' id='word_1_253' title='bbox 116 1970 259 2008; x_wconf 90' lang='lat' dir='ltr'>odium.</span> <span class='ocrx_word' id='word_1_254' title='bbox 305 1971 352 2009; x_wconf 86' lang='lat' dir='ltr'>D.</span> <span class='ocrx_word' id='word_1_255' title='bbox 415 1968 469 2010; x_wconf 82' lang='lat'>38</span> <span class='ocrx_word' id='word_1_256' title='bbox 502 1973 543 2010; x_wconf 73' lang='lat' dir='ltr'>in</span> <span class='ocrx_word' id='word_1_257' title='bbox 574 1971 725 2021; x_wconf 69' lang='lat' dir='ltr'>scirpo]</span> <span class='ocrx_word' id='word_1_258' title='bbox 759 1973 799 2010; x_wconf 91' lang='grc'>111</span> <span class='ocrx_word' id='word_1_259' title='bbox 831 1973 957 2010; x_wconf 78' lang='lat' dir='ltr'>iunco.</span> <span class='ocrx_word' id='word_1_260' title='bbox 1005 1978 1065 2010; x_wconf 87' lang='lat' dir='ltr'>est</span> <span class='ocrx_word' id='word_1_261' title='bbox 1097 1974 1235 2010; x_wconf 79' lang='lat' dir='ltr'>iuncus</span> <span class='ocrx_word' id='word_1_262' title='bbox 1268 1973 1457 2023; x_wconf 81' lang='lat' dir='ltr'>marinus,</span> <span class='ocrx_word' id='word_1_263' title='bbox 1483 1980 1527 2011; x_wconf 88' lang='lat'>30</span> 
     </span>
     <span class='ocr_line' id='line_1_32' title="bbox 117 2029 1456 2082; baseline 0.002 -15"><span class='ocrx_word' id='word_1_264' title='bbox 117 2030 185 2080; x_wconf 88' lang='lat' dir='ltr'>qui</span> <span class='ocrx_word' id='word_1_265' title='bbox 222 2029 323 2067; x_wconf 90' lang='lat' dir='ltr'>nodo</span> <span class='ocrx_word' id='word_1_266' title='bbox 362 2035 478 2068; x_wconf 84' lang='lat' dir='ltr'>caret.</span> <span class='ocrx_word' id='word_1_267' title='bbox 536 2042 724 2081; x_wconf 87' lang='lat' dir='ltr'>quaerere</span> <span class='ocrx_word' id='word_1_268' title='bbox 763 2043 856 2081; x_wconf 81' lang='lat' dir='ltr'>ergo</span> <span class='ocrx_word' id='word_1_269' title='bbox 895 2031 1040 2069; x_wconf 88' lang='lat' dir='ltr'>nodum</span> <span class='ocrx_word' id='word_1_270' title='bbox 1079 2033 1117 2069; x_wconf 92' lang='grc'>111</span> <span class='ocrx_word' id='word_1_271' title='bbox 1157 2033 1285 2082; x_wconf 73' lang='lat' dir='ltr'>scirpo</span> <span class='ocrx_word' id='word_1_272' title='bbox 1319 2036 1379 2069; x_wconf 81' lang='lat' dir='ltr'>est</span> <span class='ocrx_word' id='word_1_273' title='bbox 1416 2033 1456 2070; x_wconf 93' lang='grc'>111</span> 
     </span>
     <span class='ocr_line' id='line_1_33' title="bbox 116 2087 1455 2140; baseline 0.002 -15"><span class='ocrx_word' id='word_1_274' title='bbox 116 2100 159 2126; x_wconf 87' lang='lat' dir='ltr'>re</span> <span class='ocrx_word' id='word_1_275' title='bbox 192 2087 294 2126; x_wconf 84' lang='lat' dir='ltr'>rlara</span> <span class='ocrx_word' id='word_1_276' title='bbox 328 2100 515 2138; x_wconf 86' lang='lat' dir='ltr'>quaerere</span> <span class='ocrx_word' id='word_1_277' title='bbox 547 2088 720 2128; x_wconf 89' lang='lat' dir='ltr'>dubium.</span> <span class='ocrx_word' id='word_1_278' title='bbox 770 2087 826 2129; x_wconf 85' lang='lat'>43</span> <span class='ocrx_word' id='word_1_279' title='bbox 859 2090 1030 2140; x_wconf 73' lang='lat' dir='ltr'>miliens]</span> <span class='ocrx_word' id='word_1_280' title='bbox 1064 2092 1216 2128; x_wconf 78' lang='lat' dir='ltr'>linitum</span> <span class='ocrx_word' id='word_1_281' title='bbox 1249 2103 1455 2130; x_wconf 84' lang='lat' dir='ltr'>numerum</span> 
     </span>
     <span class='ocr_line' id='line_1_34' title="bbox 116 2144 1456 2201; baseline 0.001 -17"><span class='ocrx_word' id='word_1_282' title='bbox 116 2159 187 2198; x_wconf 91' lang='lat' dir='ltr'>pro</span> <span class='ocrx_word' id='word_1_283' title='bbox 221 2148 372 2185; x_wconf 78' lang='lat' dir='ltr'>infinito</span> <span class='ocrx_word' id='word_1_284' title='bbox 408 2149 450 2186; x_wconf 89' lang='lat' dir='ltr'>G.</span> <span class='ocrx_word' id='word_1_285' title='bbox 512 2144 569 2187; x_wconf 78' lang='lat'>45</span> <span class='ocrx_word' id='word_1_286' title='bbox 601 2148 790 2199; x_wconf 75' lang='lat' dir='ltr'>lepidum]</span> <span class='ocrx_word' id='word_1_287' title='bbox 823 2148 977 2199; x_wconf 82' lang='lat' dir='ltr'>lepidus</span> <span class='ocrx_word' id='word_1_288' title='bbox 1010 2151 1137 2187; x_wconf 74' lang='lat' dir='ltr'>suavis</span> <span class='ocrx_word' id='word_1_289' title='bbox 1170 2150 1325 2201; x_wconf 72' lang='lat' dir='ltr'>dicitur,</span> <span class='ocrx_word' id='word_1_290' title='bbox 1358 2155 1456 2188; x_wconf 81' lang='lat' dir='ltr'>trae-</span> 
     </span>
     <span class='ocr_line' id='line_1_35' title="bbox 117 2206 1456 2259; baseline 0.002 -15"><span class='ocrx_word' id='word_1_291' title='bbox 117 2211 200 2244; x_wconf 87' lang='lat' dir='ltr'>tum</span> <span class='ocrx_word' id='word_1_292' title='bbox 232 2220 251 2244; x_wconf 89' lang='lat' dir='ltr'>a</span> <span class='ocrx_word' id='word_1_293' title='bbox 285 2207 472 2245; x_wconf 81' lang='lat' dir='ltr'>suavitate</span> <span class='ocrx_word' id='word_1_294' title='bbox 510 2206 707 2257; x_wconf 80' lang='lat' dir='ltr'>leporinae</span> <span class='ocrx_word' id='word_1_295' title='bbox 740 2208 878 2246; x_wconf 76' lang='lat' dir='ltr'>carius.</span> <span class='ocrx_word' id='word_1_296' title='bbox 940 2206 995 2247; x_wconf 83' lang='lat'>47</span> <span class='ocrx_word' id='word_1_297' title='bbox 1030 2209 1184 2259; x_wconf 77' lang='lat' dir='ltr'>nempe]</span> <span class='ocrx_word' id='word_1_298' title='bbox 1225 2209 1319 2247; x_wconf 88' lang='grc'><strong>1111111</strong></span> <span class='ocrx_word' id='word_1_299' title='bbox 1354 2209 1456 2248; x_wconf 82' lang='grc'><strong>11111111</strong></span> 
     </span>
    </p>
   </div>
   <div class='ocr_carea' id='block_1_4' title="bbox 303 2288 398 2292">
    <p class='ocr_par' dir='ltr' id='par_1_5' title="bbox 303 2288 398 2292">
     <span class='ocr_line' id='line_1_36' title="bbox 303 2288 398 2292; baseline 0 0"><span class='ocrx_word' id='word_1_300' title='bbox 303 2288 398 2292; x_wconf 95' lang='lat' dir='ltr'> </span> 
     </span>
    </p>
   </div>
   <div class='ocr_carea' id='block_1_5' title="bbox 213 2332 1456 2381">
    <p class='ocr_par' dir='ltr' id='par_1_6' title="bbox 213 2332 1456 2381">
     <span class='ocr_line' id='line_1_37' title="bbox 213 2332 1456 2381; baseline 0.005 -15"><span class='ocrx_word' id='word_1_301' title='bbox 213 2336 232 2366; x_wconf 81' lang='lat'><strong>2</strong></span> <span class='ocrx_word' id='word_1_302' title='bbox 255 2332 382 2379; x_wconf 75' lang='lat' dir='ltr'>alicui]</span> <span class='ocrx_word' id='word_1_303' title='bbox 403 2332 565 2376; x_wconf 77' lang='lat' dir='ltr'>aliquem</span> <span class='ocrx_word' id='word_1_304' title='bbox 579 2332 654 2368; x_wconf 66' lang='grc' dir='ltr'>11Ιῇ</span> <span class='ocrx_word' id='word_1_305' title='bbox 694 2336 738 2367; x_wconf 80' lang='grc'>27</span> <span class='ocrx_word' id='word_1_306' title='bbox 759 2333 922 2368; x_wconf 80' lang='lat' dir='ltr'>difficilis</span> <span class='ocrx_word' id='word_1_307' title='bbox 943 2333 1052 2368; x_wconf 77' lang='lat' dir='ltr'>valde</span> <span class='ocrx_word' id='word_1_308' title='bbox 1069 2334 1117 2370; x_wconf 91' lang='lat' dir='ltr'>D.</span> <span class='ocrx_word' id='word_1_309' title='bbox 1176 2337 1221 2369; x_wconf 82' lang='lat'>28</span> <span class='ocrx_word' id='word_1_310' title='bbox 1242 2334 1335 2381; x_wconf 81' lang='lat' dir='ltr'>sive]</span> <span class='ocrx_word' id='word_1_311' title='bbox 1357 2335 1386 2369; x_wconf 85' lang='lat' dir='ltr'>si</span> <span class='ocrx_word' id='word_1_312' title='bbox 1408 2337 1456 2372; x_wconf 84' lang='lat' dir='ltr'>D.</span> 
     </span>
    </p>
   </div>
  </div>
 </body>
</html>
