1681 2576
512 76 591 112 VII.
619 76 766 112 Scholia
792 76 924 111 incerti
950 76 1122 111 auctoris.
1435 77 1457 117 7
1466 77 1487 117 7

142 188 204 226 vel
242 200 361 239 super
398 187 592 226 excellens
630 186 690 225 vel
727 192 944 236 protervus.
984 188 1144 238 ponitur
1183 192 1219 225 et
1258 198 1328 237 pro
1366 186 1490 225 nobili

95 298 97 301 .
145 249 247 285 sicut
278 248 319 285 in
351 247 424 284 hoc
456 245 540 284 loco
574 245 644 294 [cf.
678 245 766 283 Isid.
793 244 839 296 Χ,
861 243 976 295 248]
1022 247 1067 283 Ε.

234 306 294 344 De
331 307 477 344 ceteris
510 305 661 343 Isidori
696 305 857 343 scholiis
898 306 987 343 vide
1031 306 1199 343 alteram
1245 305 1489 343 scholiorum

142 367 292 404 silvam.
372 415 397 432 .

430 451 522 503 VIII
563 456 742 503 Scholia
779 458 944 503 incerti
982 458 1194 503 auctoris.
1539 470 1559 501 5

261 561 379 600 Andr.
406 561 503 612 prol.
531 560 584 601 27
618 564 864 611 spectandae
895 574 949 600 [m
981 560 1223 610 exz'qendae]
1258 561 1489 611 spectandae

143 621 181 659 id
215 626 275 659 est
305 620 540 672 probandae,
571 626 615 659 ut
645 620 829 659 Horatius
863 620 909 658 de
942 625 1024 658 arte
1056 622 1209 671 poetica
1235 617 1346 669 [37]:
1380 632 1489 670 spec-

141 679 303 718 tandum
334 680 458 729 nigris
491 679 614 717 oculis
647 681 838 730 nigroque
871 679 1020 730 capillo.
1066 678 1279 729 exigendae
1306 690 1397 716 vero
1425 691 1490 716 ex-

141 738 374 789 cludendae,
411 743 454 776 ut
485 738 590 776 idem
621 739 662 776 in
693 738 741 776 lv
773 739 990 777 carminum
1024 736 1111 789 [15‚
1139 736 1229 787 17]:
1270 749 1348 774 non
1381 737 1490 775 furor

142 797 265 836 civilis
298 802 364 835 aut
391 798 450 835 vis
477 798 607 847 exiget
633 798 767 848 otium,
800 803 838 835 et
863 797 1072 835 Terentius
1104 798 1145 834 in
1170 795 1321 846 Hecyra
1348 794 1488 846 [242]:
1519 806 1560 837 10

139 856 209 894 ubi
229 855 375 894 duxere
396 855 568 906 impulsu
588 862 735 907 nostre,
753 862 881 894 vestro
903 855 1063 906 inpulsu
1077 855 1234 893 easdem
1248 856 1420 904 exigunt.
1442 856 1488 893 D.

232 936 287 940 —
308 914 354 966 ΙΙ,
375 913 413 966 6,
436 913 489 953 16
521 914 740 964 subtristis]
776 920 813 953 et
838 920 970 952 tamen
994 914 1122 952 Davus
1147 918 1354 952 monuerat
1378 913 1488 952 Pam-

140 972 303 1024 philum,
335 985 384 1011 ne
418 984 459 1011 se
493 973 717 1011 ostenderet
750 974 913 1012 tristem.
957 979 995 1011 et
1022 985 1067 1011 ex
1094 973 1166 1011 hoc
1194 977 1324 1023 potest
1349 974 1490 1024 notari,

142 1031 245 1082 quod
276 1032 438 1070 tristitia
471 1032 600 1070 cordis
632 1044 711 1070 non
737 1038 865 1083 potest
893 1031 1079 1071 abscondi
1111 1031 1158 1069 ab
1184 1031 1354 1083 homine,
1385 1031 1489 1069 unde

141 1090 237 1128 illud
264 1090 392 1128 Ovidii
418 1092 459 1128 in
483 1090 571 1129 Met.
601 1090 663 1143 [ΙΙ,
682 1088 805 1141 44ῖ];
838 1091 869 1129 Ο
903 1103 1019 1141 quam
1051 1089 1208 1128 difficile
1236 1091 1385 1128 crimen
1411 1101 1490 1128 non
1518 1098 1560 1130 15

139 1148 307 1200 prodere
338 1148 447 1187 vultu
479 1155 549 1187 est.
594 1151 642 1188 D.
674 1161 778 1189 man.
812 1163 894 1189 rec.

227 1207 323 1246 Eun.
350 1207 396 1259 ΙΙ,
425 1206 461 1259 1,
489 1206 514 1247 6
552 1207 668 1257 quin]
709 1208 822 1247 aliter
860 1210 944 1259 qui,
991 1220 1209 1259 pronomen
1250 1212 1310 1245 est
1341 1208 1388 1245 D.
1435 1207 1486 1256 cf.
1523 1219 1609 1272 '2¹10

134 1269 259 1316 paulo
292 1266 404 1315 infra
436 1268 493 1305 ad
522 1267 643 1305 Haut.
671 1268 698 1306 I
704 1267 743 1315 V,
769 1268 808 1319 3,
836 1267 900 1306 23.

226 1347 281 1352 —
307 1324 353 1376 Π,
380 1323 418 1375 2,
446 1322 470 1363 9
499 1337 574 1376 sq.:

255 1383 353 1422 Iusti
382 1395 454 1434 per
485 1383 662 1422 cultum
692 1396 854 1435 pravum
885 1384 999 1422 datur
1031 1396 1117 1422 esse
1149 1382 1392 1422 redultum.
1515 1392 1559 1423 ‘20

259 1442 331 1480 Tot
364 1446 470 1480 tenet
502 1443 543 1480 in
575 1454 716 1494 nexa,
749 1448 843 1493 quot
875 1447 1068 1493 temperat
1098 1443 1173 1480 ista
1205 1441 1396 1480 reflexu.

259 1500 466 1538 Praestans
494 1500 558 1538 ille
587 1501 741 1552 datur,
769 1513 884 1551 quem
910 1500 1072 1552 provida
1092 1502 1200 1550 virgo
1223 1502 1428 1551 miratur,

258 1558 320 1597 Fit
352 1561 475 1597 virtus
503 1590 627 1597 .....
656 1560 735 1598 sors
769 1566 827 1598 est
862 1561 973 1598 cuius
1005 1559 1093 1597 data
1126 1560 1283 1597 iussis.

256 1617 359 1668 Ergo
393 1619 649 1669 geometrici,
682 1618 824 1669 quibus
857 1619 951 1657 haec
983 1618 1176 1656 industria
1208 1617 1345 1668 cordi,

257 1676 451 1714 Instantes
483 1678 651 1727 propria
684 1683 835 1715 mutant
868 1678 1065 1715 consortia
1096 1678 1226 1726 virga.
1278 1677 1322 1714 E.
1514 1684 1556 1716 25

228 1756 282 1761 -—
310 1734 369 1786 IV,
394 1732 434 1786 4,
462 1732 516 1773 39
544 1736 610 1774 dic
637 1735 747 1786 dum]
776 1736 868 1774 dum
895 1736 933 1774 id
960 1741 1019 1774 est
1045 1735 1183 1786 adhuc,
1215 1741 1258 1773 ut
1283 1734 1420 1773 Cicero
1448 1736 1485 1773 in

139 1793 316 1844 epistolis
350 1793 396 1831 ad
424 1793 603 1832 Cassium
630 1793 735 1844 [sam.
762 1794 843 1847 ΧΙΙ,
871 1794 908 1846 7,
935 1793 997 1844 2];
1031 1806 1266 1845 quamquam
1293 1793 1485 1832 nihildum

138 1851 397 1903 audieramus,
423 1865 495 1891 nec
521 1852 589 1891 ubi
615 1865 736 1906 esseS,
768 1865 840 1892 nec
867 1866 962 1905 quas
989 1854 1121 1904 copias
1146 1852 1324 1903 haberes,
1356 1859 1485 1891 tamen

138 1911 194 1948 sic
232 1910 466 1962 statuebam,
504 1923 658 1963 omnes.
696 1924 794 1963 quae
833 1914 873 1951 in
911 1913 972 1950 his
1010 1911 1187 1963 partibus
1226 1918 1358 1950 essent
1391 1924 1484 1962 opes

136 1970 362 2021 copiaeque,
393 1974 480 2008 tuas
511 1981 610 2009 esse.
655 1972 701 2009 D.
1510 1979 1555 2010 30

227 2027 267 2079 V,
292 2025 332 2080 4,
359 2026 383 2066 2
417 2027 525 2078 astu]
564 2034 690 2067 astute
729 2035 765 2067 et
806 2031 1022 2081 sapienter,
1060 2028 1163 2067 unde
1198 2028 1406 2066 Sallustius
1445 2030 1484 2066 in

137 2085 364 2124 Catilinario
404 2085 490 2138 [26‚
523 2085 586 2139 2],
624 2100 713 2126 cum
751 2088 868 2127 Tullii
906 2089 1107 2127 Ciceronis
1146 2099 1280 2126 curam
1319 2089 1358 2125 in
1401 2099 1483 2126 rem

234 2213 277 2244 10
292 2210 428 2257 civilis]
446 2211 559 2246 cunis.
630 2215 672 2246 14
688 2211 735 2246 ab
755 2212 904 2248 homine
918 2212 1031 2258 unde]
1047 2223 1068 2247 a
1082 2212 1160 2248 froe
1175 2211 1246 2247 nii.
1316 2216 1357 2246 21
1376 2213 1481 2258 quot]

137 2257 248 2301 quod.
276 2260 454 2294 sententia
472 2260 582 2294 totius
596 2262 708 2303 poem.
731 2260 855 2295 dubia.
931 2263 975 2295 23
995 2261 1091 2296 deest
1103 2260 1294 2305 spondeus,
1306 2260 1483 2295 incertum

136 2315 208 2349 qua
226 2305 268 2340 in
286 2306 383 2341 sede:
408 2306 497 2342 liber
515 2306 655 2342 hiatum
674 2317 749 2342 ‘non
767 2308 919 2344 indicat.
1017 2310 1062 2342 24
1082 2305 1326 2353 greometrici.
