1681 2576
204 112 260 154 90
615 111 907 160 Commentarius
934 111 1131 155 antiquior.

815 221 873 273 IV,
900 220 937 260 3.

291 293 388 332 Dum
426 292 544 343 Mysis
589 297 709 330 staret
746 292 842 331 soris
884 298 921 331 et
963 292 1087 330 Davus
1129 293 1332 330 introisset
1373 293 1542 345 domum,

203 352 355 391 dicebat
379 352 497 403 Mysis
524 363 675 389 secum:
708 363 756 389 an
781 351 897 390 hahet
929 353 1132 402 proprium
1158 351 1196 389 id
1224 356 1283 389 est
1308 357 1542 402 perpetuum

205 413 412 463 quicquam
441 410 556 448 homo
585 410 774 448 servando
800 410 917 449 fidem
942 410 1215 449 inviolabilem.
1249 411 1348 448 DM.
1401 408 1423 449 1
1447 423 1541 460 pro-

156 476 177 507 5
199 469 353 520 prium]
386 473 639 520 perpetuum,
671 475 713 507 ut
744 469 839 507 illud
873 468 1015 519 [Verq.
1036 472 1132 509 Aen.
1153 469 1181 521 Ι,
1204 467 1294 519 73]:
1326 471 1546 520 propriam-

134 770 178 801 10

134 1067 176 1097 15

133 1409 177 1441 20

132 1704 177 1735 25

133 1998 178 2030 30

205 541 279 580 que
312 528 461 567 dic-abo.
523 525 550 567 5
583 527 776 578 laborem]
816 540 886 578 pro
919 527 1062 566 dolore.
1108 530 1145 567 C.
1207 527 1290 578 hic]
1324 529 1365 566 in
1398 528 1542 566 dolore.

203 587 303 638 illic]
337 589 377 626 in
415 586 520 625 illius
553 588 733 625 amicitia.
790 585 815 625 6
849 586 974 625 Davus
1007 588 1140 626 exiens
1175 599 1195 625 a
1227 587 1341 625 domo
1374 586 1545 638 Glycerii

204 646 369 685 ducebat
400 658 566 697 puerum
598 647 638 683 in
670 645 842 696 brachio,
876 651 913 684 et
944 645 1208 697 interrogabat
1239 645 1357 697 Mysis
1391 646 1543 684 dicens:

202 707 257 744 mi
276 706 403 744 homo.
450 703 501 743 11
526 704 736 754 verbenas]
764 704 1138 744 herbae'sacrificiis
1158 710 1281 756 aptae,
1313 717 1403 743 nam
1422 705 1544 743 herba

206 769 282 817 est,
316 777 389 815 qua
422 769 659 802 coronantur
692 776 790 801 arae.
850 761 905 802 14
937 763 1104 814 quztido]
1139 766 1301 802 sincere.
1355 762 1409 802 15
1442 776 1544 803 nova

203 837 311 863 mmo
337 822 497 872 reliyio]
530 824 713 874 ironicos,
746 822 839 861 dum
864 834 944 860 11011
968 824 1027 860 vis
1058 825 1247 875 peierare,
1279 824 1347 873 qui
1373 824 1406 860 si
1437 824 1543 873 peie-

203 895 312 921 rares
336 888 459 933 antea,
485 893 563 919 non
590 881 763 919 curabas.
799 882 852 919 M.
900 880 952 920 17
976 894 1053 931 pro
1075 880 1275 932 Iuppiter]
1303 881 1542 920 exclamatio.

203 941 339 979 videns
371 940 497 978 Davus
530 942 663 978 venire
693 940 957 992 Chremetem,
990 940 1082 979 dum
1114 942 1187 978 ista
1219 939 1463 992 loquebatur,
1495 942 1543 978 ti-

202 1012 410 1052 mensque,
454 1011 502 1037 ne
544 1004 675 1050 posset
714 1011 919 1051 peragere,
965 1000 1067 1050 quod
1106 999 1273 1050 volebat,
1315 999 1428 1037 dixit:
1471 1011 1542 1049 pro

202 1059 387 1110 Iuppiter.
451 1056 506 1097 20
537 1057 782 1108 subservias]
819 1058 1093 1110 respondendo
1127 1059 1421 1109 convenienter,
1457 1070 1543 1096 meo

202 1113 286 1157 loeo
319 1117 568 1169 respondeas.

814 1211 873 1263 iv,
897 1208 938 1251 4.

292 1282 391 1321 Dum
422 1284 506 1333 ipse
538 1281 770 1333 loquebatur
802 1284 842 1320 in
873 1283 1015 1320 itinere
1048 1294 1193 1334 secum,
1224 1282 1321 1321 vidit
1352 1284 1546 1321 iacentem

203 1346 292 1380 ante
331 1343 475 1380 ostium
513 1341 682 1380 Simonis
720 1353 897 1392 puerum.
964 1339 988 1379 2
1022 1340 1204 1391 accersi]
1248 1353 1319 1392 pro
1359 1336 1576 1380 accersiri'

204 1402 372 1452 antique.
434 1398 463 1439 4
495 1413 689 1449 nusquam
723 1399 796 1449 est]
835 1412 913 1438 non
948 1400 1059 1438 video
1098 1399 1225 1452 illum,
1264 1400 1311 1438 de
1349 1399 1451 1438 Davo
1488 1399 1544 1438 lo-

204 1462 337 1511 quitur
364 1472 508 1498 secum.
561 1458 585 1498 6
613 1459 732 1509 quid]
765 1471 836 1510 pro
864 1465 969 1510 quot,
1001 1471 1114 1497 casus
1147 1471 1217 1510 pro
1245 1471 1346 1497 casu.
1397 1458 1420 1498 7
1449 1461 1548 1508 quid

205 1518 353 1569 dicam]
381 1519 453 1557 1100
480 1518 647 1557 1001111(Ιο
675 1518 885 1568 subiungit.
931 1516 955 1556 9
978 1517 1067 1567 eho]
1096 1517 1349 1556 dissimulate.
1396 1515 1449 1556 12
1472 1517 1543 1568 au]

203 1579 425 1616 interiectio
453 1582 511 1616 est
531 1579 748 1616 irascentis.
802 1575 854 1616 13
883 1576 1051 1626 deliras]
1084 1578 1244 1615 insanis.
1292 1570 1546 1616 delirare'est

204 1638 362 1688 proprie
396 1649 416 1675 a
448 1642 556 1675 recto
590 1648 708 1674 sensu
741 1636 937 1674 recedere.
994 1637 1156 1675 verbum
1182 1639 1218 1675 εἰ
1242 1635 1374 1686 mihi]
1395 1635 1546 1674 scilieet

205 1696 364 1748 dixeriS,
389 1697 607 1746 percutiam
632 1700 682 1733 te.
734 1701 771 1733 et
799 1701 857 1733 est
884 1695 1052 1746 eclipsis.
1109 1692 1163 1734 15
1189 1693 1339 1744 haime]
1366 1694 1543 1733 ridentis.

205 1753 258 1793 21
272 1754 405 1804 mane]
422 1767 511 1793 011111
525 1754 680 1792 silentio
696 1754 793 1792 dixit
806 1754 891 1805 hoc,
905 1766 953 1792 110
966 1753 1152 1792 Chremes
1167 1753 1329 1792 audiret.
1351 1752 1543 1803 excessis]

204 1813 380 1852 excedas.
427 1811 482 1852 30
508 1812 771 1862 Cantharam]
799 1813 837 1850 id
866 1818 925 1851 est
944 1812 1112 1851 corbem.
1150 1813 1231 1851 GE.
1276 1810 1329 1851 31
1354 1813 1544 1860 suffarci-

203 1871 358 1921 natum]
375 1877 574 1910 oneratam
593 1883 716 1922 puero
737 1872 783 1909 ad
805 1872 1112 1923 supponendum.
1153 1869 1206 1910 32
1229 1870 1335 1921 cum]
1359 1870 1421 1909 vel
1441 1870 1545 1921 quod

204 1933 294 1970 DE.
337 1929 391 1970 33
418 1930 484 1981 ne]
512 1930 632 1969 valde.
671 1931 750 1969 GE.
793 1928 849 1969 34
874 1929 1076 1980 Chremes]
1105 1930 1210 1969 solus
1239 1935 1276 1968 et
1302 1929 1544 1968 dissimulate

204 1990 390 2041 loquitur,
416 1991 470 2028 ita
496 1995 538 2028 111
564 1989 750 2028 Chremes
777 1989 938 2028 audiret.
990 1988 1044 2029 36
1069 2002 1176 2028 mmo
1202 1988 1320 2039 adeo]
1355 1990 1546 2028 convertit

205 2062 246 2088 se
279 2049 325 2087 ad
357 2049 492 2100 Mysin.
549 2046 603 2087 41
639 2054 803 2087 eoaclus
835 2047 1004 2098 lembus]
1039 2048 1280 2087 consuetudo
1313 2053 1397 2086 erat
1427 2047 1544 2086 Athe-

204 2110 417 2160 niensium,
449 2113 493 2146 111
525 2109 559 2146 si
592 2109 678 2158 quis
709 2109 902 2158 virginem
932 2107 1111 2159 violaret,
1148 2107 1255 2146 illam
1286 2111 1442 2145 coactus
1475 2106 1544 2144 du-

205 2173 324 2206 ceret.
379 2165 435 2206 43
463 2165 721 2216 jocularium]
755 2166 847 2205 dum
873 2166 992 2204 filiam
1022 2179 1148 2205 meam
1179 2165 1247 2204 tali
1277 2166 1427 2204 homini
1453 2177 1544 2203 con-

205 2228 367 2277 iungere
399 2225 515 2264 volui.
571 2227 681 2276 quasi
712 2225 877 2264 diceret:
916 2227 978 2263 vix
1010 2226 1098 2277 suit,
1137 2231 1179 2264 ut
1210 2237 1289 2263 11011
1326 2223 1542 2263 inciderem

298 2355 320 2385 4
346 2352 543 2396 quisquam
568 2352 653 2387 libri
657 2380 663 2387 .
