1681 2576
588 85 731 120 Andria
754 84 782 129 1,
804 83 911 128 1—I‚
932 87 963 118 2.
1392 82 1445 124 81

106 197 286 235 ciborum
319 197 436 236 dedit.
479 195 651 248 symbola
683 200 742 233 est
774 194 927 233 collatio
960 193 1150 246 ciborum,
1184 205 1299 245 quam
1331 195 1449 232 etiam

109 256 333 294 confrusam
364 256 510 307 dicunt,
542 254 654 293 aliter
686 254 979 292 conferentiam.
1042 252 1096 293 66
1129 265 1223 292 nam
1254 255 1326 302 qui
1355 252 1447 303 eta]

89 316 177 365 'qni
202 316 334 365 ignem
359 316 400 353 in
426 316 515 353 sinu
545 318 673 364 portat
699 318 739 351 et
768 325 847 351 non
880 312 1133 351 comburitur.
1185 310 1239 352 68
1272 311 1447 362 modum]

109 373 300 426 ordinem,
315 374 622 425 dispositionem,
636 377 1001 423 temperamentum,
1021 373 1121 410 scias
1141 372 1272 422 ipsum
1291 371 1449 410 modum

111 444 202 471 suae
235 434 335 471 vitae
368 444 454 471 esse
488 431 573 470 sibi.
628 430 681 471 87
715 430 934 480 mansueti]
968 430 1135 469 modesti
1173 435 1213 469 et
1249 430 1448 482 simplicis.
1500 438 1522 468 5

110 489 165 530 89
198 491 303 541 Item]
342 492 563 530 interiectio
603 496 661 529 est
699 491 992 541 expavescentis
1026 491 1080 537 M,
1120 491 1327 528 irascentis
1364 490 1448 528 CD.

108 548 163 588 91
193 549 552 600 adulescentulam]
579 549 832 600 Passibulam,
865 561 962 600 quae
989 548 1179 587 adulative
1205 554 1341 599 postea
1362 548 1449 599 Gly-

110 611 260 648 cerium
292 609 394 647 dicta
426 615 494 647 est.
553 606 607 648 93
640 608 820 658 venusto]
852 612 1035 646 venustas
1067 608 1210 646 dicitur
1243 620 1262 646 a
1288 607 1450 657 Venere,

109 668 180 706 dea
206 667 398 720 libidinis3
431 668 521 706 inde
550 679 704 719 quoque
731 673 918 706 venustus
945 666 1108 718 pulcher
1135 668 1215 705 sive
1242 667 1450 717 formosus,

109 728 199 778 quia
225 726 516 778 pulchritudine
536 727 666 765 Venus
693 726 918 765 delectatur.
952 728 997 765 E.
1046 724 1101 766 98
1129 725 1233 776 atat]
1267 738 1450 777 expaves·
1479 732 1522 763 10

109 787 246 825 centis.
305 784 389 825 100
420 786 562 836 funus]
602 786 717 824 funus
751 786 894 824 dicitur
925 798 945 823 a
979 784 1154 837 funibus,
1193 786 1259 835 qui
1288 798 1377 824 cera
1407 784 1451 823 il-

108 845 169 883 liti
195 845 241 883 ad
269 846 454 896 exequias
487 850 732 883 mortuorum
764 844 1085 896 incendebantur,
1117 850 1155 882 et
1190 846 1349 894 ponitur
1379 856 1450 895 pro

110 909 248 942 morte.
295 905 391 942 EM.
458 902 539 943 102
575 907 613 943 e'n
647 906 777 953 iynem
800 906 992 953 'imposita
1025 902 1104 953 est]
1141 908 1184 942 ut
1215 905 1336 942 moris
1369 908 1451 942 erat

109 964 326 1014 antiquitus
366 963 529 1002 cadaver
566 964 712 1001 mortui
752 962 866 1001 husto
907 964 1121 1013 imponere.
1191 960 1273 1001 109
1312 962 1449 1012 quam]

110 1022 286 1061 multum.
322 1020 404 1062 116
426 1021 630 1072 damnum]
653 1021 912 1073 dispendium.
952 1019 1034 1060 123
1056 1021 1279 1072 vehemens]
1301 1034 1450 1073 magna.
1480 1027 1522 1058 15

114 1079 196 1120 129
231 1081 608 1131 animadvertenda]
641 1081 873 1119 vindicanda
909 1081 947 1119 C.
1012 1078 1096 1119 134
1127 1083 1311 1120 manibus
1337 1083 1450 1131 pedi-

110 1140 278 1190 busque]
313 1140 359 1178 ad
386 1140 679 1191 exprimendam
707 1141 791 1178 eius
818 1139 1005 1178 malitiam
1030 1139 1127 1178 dixit
1151 1139 1235 1179 hoc.
1286 1139 1450 1190 obnixe]

108 1198 259 1251 callide,
292 1204 416 1251 caute,
449 1199 649 1238 insidiose.
704 1197 787 1238 135
820 1198 939 1249 adeo]
974 1204 1090 1237 certe..

735 1316 762 1368 I,
789 1315 827 1354 2.

202 1387 312 1426 Sosia
349 1387 489 1426 liberto
527 1387 735 1425 recedente
769 1389 897 1438 coepit
929 1399 1062 1426 secum
1102 1387 1207 1438 loqui
1240 1387 1312 1425 hoc
1346 1388 1452 1426 Simo
1480 1393 1524 1424 20

112 1446 161 1484 de
194 1446 296 1485 Davo
329 1452 367 1485 et
399 1442 527 1484 subito
559 1446 655 1484 vidit
686 1445 795 1484 illum
827 1448 933 1485 exire
967 1446 1014 1485 de
1047 1445 1119 1485 alia
1151 1446 1265 1484 domo
1300 1448 1454 1485 tristem
1540 1445 1544 1448 ’

120 1506 249 1552 C(M).
299 1505 371 1543 Hic
402 1505 574 1556 loquitur
606 1517 740 1543 secum
773 1505 878 1543 Simo
912 1505 959 1543 de
991 1507 1138 1556 nuptiis
1171 1505 1242 1543 filii
1274 1517 1351 1544 non
1384 1506 1453 1544 dn-

113 1564 254 1616 bitans,
287 1566 381 1615 quin
412 1576 576 1602 uxorem
608 1564 788 1602 noluerit.
841 1562 869 1602 4
901 1577 1035 1603 secum
1066 1564 1310 1616 loquebatur,
1343 1567 1453 1616 quasi

114 1623 295 1662 dominus
335 1635 413 1662 non
446 1623 608 1661 audiret.
673 1621 697 1662 9
731 1623 848 1674 duci]
887 1623 1021 1662 seduci
1052 1636 1179 1675 posse.
1245 1621 1299 1662 10
1332 1626 1452 1663 inter-

114 1681 338 1733 oscitantis]
372 1682 658 1721 somniculosos
690 1694 733 1721 ac
765 1695 836 1733 per
868 1683 941 1721 hoc
966 1682 1227 1733 neglegentes
1282 1681 1334 1721 13
1362 1682 1451 1733 eho]
1480 1688 1524 1720 25

113 1741 342 1780 adverbium
378 1743 551 1780 vocantis
597 1740 666 1790 [Cs
703 1740 763 1779 vel
795 1740 1053 1792 reluctantis]
1121 1744 1220 1791 quid
1255 1744 1321 1781 hic
1358 1742 1453 1791 volt]

115 1812 247 1839 secum
281 1800 464 1852 loquitur.
518 1797 572 1839 14
604 1802 649 1839 id
669 1803 844 1850 populus
870 1800 1007 1851 curat]
1041 1800 1088 1839 de
1121 1813 1251 1839 amore
1285 1801 1354 1839 filii
1388 1803 1452 1840 tui.

112 1860 289 1898 irrisorie
322 1860 481 1898 dictum.
528 1857 581 1898 15
614 1871 686 1909 eqo
717 1859 830 1910 vero]
863 1861 1024 1899 ironice.
1062 1861 1100 1899 C.
1151 1858 1206 1899 23
1239 1859 1344 1910 hcm]
1379 1862 1454 1899 ira-

113 1919 270 1956 scentis.
343 1917 397 1957 29
439 1917 584 1968 omine]
628 1920 758 1970 signo,
801 1920 986 1970 auspicio.
1058 1917 1112 1958 31
1156 1920 1452 1970 circumitione]

112 1976 472 2029 circumlocutione,
504 1977 675 2029 ambage.
726 1976 780 2017 33
809 1979 913 2018 bona
945 1978 1087 2028 verba]
1121 1979 1254 2016 mitius
1282 1978 1452 2029 loquere.
1480 1985 1524 2015 30

113 2033 170 2074 34
201 2035 365 2086 temere]
398 2042 721 2088 praesumptuose
756 2036 881 2087 [DMs
912 2037 1233 2089 praesumptive]

210 2141 227 2170 1
251 2136 380 2183 etiam]
400 2137 536 2172 rustice
553 2138 589 2174 G.
639 2142 659 2173 2
680 2138 904 2174 comfrusam
920 2138 959 2182 C',
980 2139 1119 2174 frusam
1139 2139 1189 2183 D,
1209 2138 1380 2174 confrusa
1399 2139 1452 2174 M.

113 2183 258 2230 dicunt]
284 2195 460 2219 vocamus
482 2185 518 2221 Ο.
576 2188 595 2219 7
621 2185 828 2232 adulative]
856 2185 987 2221 adulta
1013 2186 1066 2221 M.
1125 2189 1164 2219 11
1193 2185 1272 2232 qui]
1299 2185 1387 2230 quia
1408 2187 1453 2222 E.

113 2230 214 2266 illita
239 2232 286 2275 E,
312 2231 369 2266 illi
400 2232 615 2277 superducti
642 2234 698 2268 M.
789 2238 831 2268 17
865 2233 943 2268 eius
974 2232 1175 2280 malitiam]
1208 2233 1455 2268 calliditatem

114 2277 217 2313 illius
246 2279 289 2315 G.
356 2309 359 2312 Δ
410 2283 455 2314 20
481 2280 529 2314 In
555 2280 604 2314 M
628 2281 722 2315 idem
745 2281 852 2316 schol.
876 2285 993 2316 exstat
1022 2281 1083 2316 sed
1112 2281 1228 2316 verbis
1252 2282 1400 2317 mutatis
1424 2286 1457 2317 et

115 2327 223 2361 aliter
245 2327 435 2362 collocatis.
533 2330 576 2362 23
602 2326 768 2371 loquitur
792 2327 889 2363 EM.
987 2331 1031 2362 26
1055 2327 1132 2374 vel]
1157 2339 1207 2364 vc.

133 2426 135 2429 .
186 2390 308 2417 Scholia.
326 2392 518 2427 Terentiana,
538 2393 582 2419 ed.
603 2393 746 2419 Schlee.
1152 2390 1172 2421 6
