1681 2576
433 93 870 129 Heautontimorumenos
895 92 940 136 Π,
961 92 1102 137 4-ΙΠ,
1124 96 1155 128 2.
1378 92 1461 133 119

120 207 349 244 orationem.
410 203 464 243 22
497 206 626 244 Clinia
657 216 766 243 meus
797 203 920 252 venit]
954 204 1074 241 nimio
1107 203 1246 253 gaudio
1278 203 1462 253 perfusus

122 264 196 303 hoe
216 263 352 303 aiebat.
394 263 529 302 eadem
555 262 671 301 verba
693 267 938 314 repetuntur,
967 262 1069 300 unde
1100 268 1137 301 et
1160 263 1201 300 in
1221 261 1321 300 Hiob
1345 261 1402 313 [7,
1419 261 1460 311 7]

112 323 259 362 eadem
295 322 413 361 verba
454 326 685 373 repetuntur
725 327 769 359 ut
806 333 1041 372 quamquam
1078 327 1121 360 ut
1158 321 1309 359 videam
1350 321 1462 372 bona,

123 382 315 420 similiter.
348 383 394 420 D.
444 380 497 420 27
519 386 563 420 ut
587 380 727 430 essem]
755 380 948 430 quomodo
974 393 1036 419 me
1063 381 1277 430 affligerem
1302 386 1463 431 propter

121 440 337 479 absentiam
358 442 451 479 eius.
491 437 546 479 35
567 438 810 488 commeare]
829 441 1008 477 transire.
1043 437 1095 478 37
1119 439 1279 489 coacta]
1302 445 1463 490 propter
1513 447 1533 477 5

122 501 304 551 inopiam.
361 497 566 548 inyratiz‘s]
600 510 670 549 pro
697 499 847 549 ingrate
876 499 974 550 ΒΜ,
1007 500 1126 537 invite
1152 500 1190 537 C.
1248 497 1302 538 38
1329 498 1459 547 volqo]

119 571 192 609 per
210 558 354 597 multos
375 562 576 596 amatores.
620 555 674 596 39
695 556 1004 606 intertrimento]
1033 557 1210 608 dampno.
1248 555 1303 595 41
1323 560 1460 606 perni-

121 616 238 667 ciem]
251 617 510 668 dispendium.
536 614 592 654 43
605 615 811 666 oneratas]
826 621 980 654 ornatas
993 617 1038 654 D.
1071 616 1272 666 satrapes]
1287 622 1460 667 satrapes

119 675 402 727 allophylorum
428 675 559 726 lingua
586 675 662 713 dux
690 675 833 713 dicitur
861 674 914 725 [D
935 677 975 714 in
995 687 1142 724 mara:
1169 675 1269 726 apud
1291 675 1459 724 Persas]

116 732 174 774 47
208 741 341 774 actum
372 734 462 784 siet]
503 734 550 772 de
582 746 662 785 me,
700 740 743 772 ut
775 735 848 772 sim
886 747 1033 785 pauper
1065 735 1109 785 C,
1149 736 1259 785 quasi
1292 734 1459 772 diceret:
1490 742 1532 772 10

119 794 159 831 in
191 798 461 844 paupertatem
494 793 683 831 deductus
716 805 793 831 ero,
834 794 932 831 DM.
995 791 1051 832 48
1080 792 1334 843 pytissando]
1369 793 1459 831 sub—

118 851 290 891 bibendo
310 854 356 904 E,
382 854 608 903 frequenter
633 852 804 890 bibendo
826 853 905 891 DG
920 853 1010 891 CM.
1061 851 1116 892 51
1138 852 1284 902 νεῖευὶ]
1313 854 1459 903 aperui.

119 923 253 951 omnes
284 911 431 961 serias]
468 911 507 950 id
541 916 600 949 est
632 910 726 949 ollas
758 913 937 949 vinarias.
1001 909 1056 950 52
1090 923 1222 951 omnes
1253 911 1458 961 sollicitos]

120 982 254 1009 omnes
288 982 420 1009 servos
454 975 662 1021 occupatos
696 972 736 1008 in
769 971 927 1008 servitio
960 969 1124 1008 illarum.
1182 968 1238 1009 53
1272 970 1458 1020 exedent]

118 1029 327 1067 corrodent
351 1030 440 1081 DE,
470 1029 725 1068 devastabunt
750 1030 788 1068 C.
839 1028 893 1069 58
917 1032 1135 1078 permaqm'
1158 1028 1334 1078 referre]
1362 1029 1459 1067 mul-
1490 1036 1532 1067 15

117 1093 200 1126 tum
232 1088 360 1127 valere
397 1094 435 1126 et
472 1088 638 1127 multum
675 1088 862 1139 prodesse
897 1100 1170 1139 summumque
1209 1087 1356 1126 honum
1387 1087 1461 1126 tibi

117 1159 206 1185 esse
227 1148 271 1185 E.
329 1145 383 1186 63
412 1147 488 1197 ibi]
518 1146 557 1185 in
584 1160 626 1185 ea
655 1159 782 1197 rausa,
812 1152 854 1185 ut
880 1153 917 1185 te
945 1147 1088 1185 fallant.
1144 1146 1197 1187 78
1226 1147 1458 1197 deneyaris]

118 1206 230 1244 deest
261 1207 304 1244 si.
369 1204 422 1244 91
457 1206 674 1255 arbitrum]
709 1206 879 1244 iudicem
913 1208 1016 1244 inter
1049 1219 1101 1244 se.
1163 1204 1217 1244 93
1252 1206 1459 1244 recedente

117 1264 324 1303 Chremete
362 1264 615 1303 Menedemus
656 1277 789 1304 secum
825 1265 932 1303 dixit.
997 1263 1179 1304 96—97
1214 1268 1310 1313 quia
1342 1278 1387 1304 re
1420 1268 1460 1304 2'72

117 1328 256 1362 nostra
283 1323 373 1374 etet]
407 1336 478 1375 per
503 1326 608 1362 vices
636 1336 771 1363 sumus
801 1325 922 1362 nimio
955 1324 1095 1375 gaudio
1128 1324 1358 1375 praepediti,
1389 1336 1461 1375 per
1487 1331 1529 1362 20

117 1383 222 1421 vices
264 1384 383 1421 nimia
420 1384 591 1421 tristitia.
654 1388 816 1434 propter
856 1383 928 1421 hoe
970 1382 1097 1421 solent
1138 1382 1203 1422 alii
1244 1383 1458 1421 diiudicare

117 1446 250 1479 nostra
289 1442 385 1480 fac-*ta
424 1442 564 1480 melius
603 1454 718 1493 quam
759 1454 848 1493 n0s7
890 1444 980 1493 quia
1018 1444 1171 1481 animus
1213 1448 1276 1480 aut
1319 1442 1458 1493 gaudio

117 1500 309 1539 titubatur
341 1506 407 1539 aut
438 1501 680 1552 aegritudine
715 1501 966 1551 demergitur.
1011 1502 1065 1539 M.

725 1631 788 1683 111,
816 1630 853 1669 2.

207 1702 340 1753 Syrus,
366 1714 502 1740 servus
523 1701 770 1753 Clitiphonis,
798 1701 877 1740 ibat.
904 1714 1037 1740 secum
1065 1700 1281 1752 cogitando.
1330 1700 1351 1739 1
1378 1704 1457 1740 εῖν-
1484 1709 1528 1739 ‘25

116 1760 350 1810 cumcursa]
382 1760 428 1798 ad
456 1766 579 1799 semet
605 1762 735 1811 ipsum
761 1761 804 1799 E.
863 1761 1039 1799 discurre
1067 1760 1258 1812 laborans,
1291 1760 1459 1811 qualiter

117 1824 322 1870 argentum
342 1821 540 1871 impetres.
581 1817 605 1858 3
627 1820 691 1870 ld]
714 1819 795 1859 scil.
818 1825 860 1858 ut
880 1832 941 1858 me
963 1819 1095 1858 fallant
1115 1825 1153 1858 et
1173 1818 1457 1858 Menedemum.

116 1875 145 1916 5
169 1878 402 1929 provincia]
430 1878 684 1930 providentia.
736 1878 761 1919 8
795 1885 875 1918 tam
908 1878 1041 1928 mane]
1075 1880 1250 1930 potuisse
1284 1891 1456 1929 surgere.

117 1939 219 1976 nihil
242 1937 374 1987 nimis]
407 1950 485 1975 non
511 1939 628 1976 nimis
660 1938 741 1976 hibi
767 1938 827 1976 vel
853 1950 931 1976 non
958 1940 1112 1976 surrexi
1138 1950 1261 1976 mane.
1320 1936 1345 1976 9
1374 1941 1457 1976 visa

117 1995 270 2046 verost]
311 1996 392 2034 sril.
426 1998 466 2034 in
503 2001 551 2035 te.
629 1995 683 2036 10
721 2000 882 2046 aquilae
917 1996 1117 2046 senectus]
1163 2009 1255 2047 prae
1300 1996 1457 2047 pallore,
1484 2004 1528 2036 30

117 2054 166 2092 de
197 2054 354 2093 homine
386 2068 490 2094 sene.
547 2058 746 2095 renovaris
774 2057 876 2095 sicut
902 2056 1040 2107 aquila.
1096 2055 1206 2105 heia]
1243 2068 1362 2106 quare
1395 2068 1457 2093 me

117 2113 271 2151 deludis
303 2114 493 2153 adulando
526 2114 804 2154 calliditatibus
837 2117 926 2154 tuis.
987 2113 1039 2153 12
1072 2114 1293 2163 luculenta]
1329 2114 1457 2165 splen-

212 2241 232 2272 8
260 2238 445 2274 SATRAP
473 2240 523 2283 D,
561 2241 731 2285 satrapos
760 2241 803 2276 G.
951 2243 991 2274 11
1020 2240 1217 2286 deductus]
1251 2240 1381 2275 ductus
1407 2239 1456 2275 D.

117 2290 160 2320 17
193 2285 231 2320 in
263 2287 322 2331 ea]
362 2286 400 2320 in
431 2297 513 2321 eam
545 2287 636 2330 DC,
673 2298 756 2322 mea
789 2288 842 2323 M.
995 2291 1037 2321 21
1072 2287 1207 2333 solent]
1246 2287 1371 2322 volent
1403 2288 1456 2322 M.

116 2335 160 2366 32
188 2333 460 2370 calliditatibus
487 2334 544 2379 M,
576 2333 820 2370 facultatibus
847 2335 895 2370 D.
