1681 2576
385 105 821 141 Heautontimorumenos
846 105 907 148 ΙΠ,
929 104 1071 150 ῧ-Ν,
1092 108 1123 139 3.
1341 104 1422 145 121

86 218 173 255 titio
212 218 415 255 sermonis.
479 214 533 255 39
561 216 645 265 fuit
674 215 890 265 quaedam]
932 228 1022 254 ecce
1062 216 1199 266 incipit
1237 215 1424 266 fraudem,

87 276 280 326 quomodo
313 276 481 326 decipiat
513 287 656 313 senem.
712 272 768 312 42
796 274 1014 324 arraboni]
1048 286 1118 325 pro
1149 274 1337 312 arrabone
1363 273 1425 312 vel

85 334 315 373 vadimonio.
348 335 428 373 BG
442 335 531 373 CM.
579 346 666 372 arra
687 338 757 385 est,
784 333 886 384 quod
907 333 1085 372 redditur
1105 338 1264 384 accepto
1284 334 1424 384 pretiO,

85 393 240 445 arrabo,
280 393 382 444 quod
414 398 585 443 tenetur,
618 392 711 431 dum
742 392 895 431 lucrum
927 394 1120 431 excrescit
1151 389 1229 444 [cf.
1256 393 1351 431 Isid.
1384 392 1422 443 V,

87 452 152 504 25,
168 450 250 504 20]
271 453 325 491 M.
368 450 422 491 52
449 457 541 490 tunc
568 451 842 502 egrediebatur
863 451 1048 503 Sostrata,
1074 447 1173 489 uxor
1193 451 1422 490 Chremetis.
1474 459 1494 489 5

694 569 752 621 IV,
780 567 815 607 1.

171 640 368 691 Antiphila
407 642 577 678 intrante
617 641 659 678 in
701 639 884 678 balneum
925 640 1084 678 anulum
1126 639 1230 678 illius
1275 642 1426 691 accepit

85 699 274 751 Sostrata,
312 711 411 738 uxor
443 698 681 750 Chremetis,
717 704 755 737 et
787 701 1028 751 recognovit,
1062 699 1164 750 quod
1197 711 1289 738 suae
1322 698 1424 737 filiae

83 758 232 797 fuisset.
297 756 322 797 3
355 760 454 806 quid
483 757 557 808 est]
598 758 644 796 ad
679 759 873 796 nutricem
906 770 1026 796 suam.
1092 757 1113 797 7
1148 770 1225 797 non
1259 758 1422 807 temere]

82 829 161 855 non
199 819 282 855 sine
322 829 447 856 causa.
511 816 536 856 8
569 816 716 867 mtqas]
757 818 935 867 ineptias.
1000 815 1052 855 13
1087 816 1265 867 edicere]
1302 818 1423 855 inter·
1453 824 1496 854 10

61 877 282 929 ,minatum
340 874 394 916 16
420 878 534 915 haud
558 875 722 926 inpura]
757 888 835 914 non
862 876 971 927 mala,
998 876 1066 914 sed
1093 875 1230 914 fidelis.
1285 874 1339 915 19
1368 879 1424 914 in·

81 934 229 985 sciens]
269 937 465 985 ignorans.
529 932 584 973 20
616 935 863 984 inscientem]
903 935 1070 973 stultam.
1134 933 1191 973 24
1221 934 1325 984 sino]
1366 936 1424 972 in-

83 993 233 1044 dulgeo.
297 992 352 1033 25
386 993 500 1044 bene]
540 995 723 1032 ironicos.
787 992 840 1032 32
875 993 1161 1043 iqrzoscente'or]
1202 993 1283 1032 scil.
1316 999 1423 1032 tanto

84 1057 167 1090 esto
206 1053 452 1104 clementior,
493 1052 644 1091 facilior
685 1052 731 1090 ad
772 1053 1065 1103 ignoscendum.
1134 1050 1189 1091 35
1223 1052 1422 1102 facilitas]

83 1112 358 1163 mansuetudo,
398 1114 487 1162 quia
525 1111 645 1150 multa
684 1111 796 1162 facis,
836 1124 933 1162 quae
972 1124 1051 1150 non
1086 1111 1251 1150 auderes
1283 1112 1424 1163 facere,
1454 1119 1494 1149 15

82 1172 161 1209 nisi
187 1170 386 1209 lenitatem
412 1172 452 1208 in
479 1172 606 1208 animo
635 1172 828 1208 sensisses
854 1183 951 1208 meo.
1005 1168 1060 1210 46
1083 1174 1175 1220 plus
1200 1173 1286 1220 spel
1311 1173 1424 1210 video

83 1242 201 1278 quam
233 1229 335 1279 volo]
369 1230 407 1267 id
441 1235 499 1268 est
531 1229 675 1267 nollem
707 1229 839 1267 videre
867 1229 952 1281 hoc,
985 1230 1088 1280 quod
1114 1229 1237 1281 video,
1274 1235 1315 1268 ut
1348 1229 1425 1268 filia

83 1288 233 1327 domini
263 1291 342 1327 mei
374 1287 594 1327 inveniatur
625 1287 839 1339 Antiphila;
880 1300 970 1326 nam
1003 1290 1134 1327 statim
1167 1291 1308 1327 astutia
1340 1301 1425 1327 11103

82 1348 288 1386 manifesta
321 1349 406 1400 erit,
438 1353 481 1386 ut
511 1347 585 1386 hoe
616 1349 818 1385 inventum
850 1348 978 1386 fuerit.

695 1459 753 1511 IV,
780 1458 815 1497 2.
1451 1468 1496 1499 20

172 1529 382 1581 Postquam
422 1531 499 1581 ipsi
539 1536 808 1582 recesserunt,
853 1530 972 1581 Syrus
1015 1542 1147 1568 seeum
1190 1529 1340 1568 dicebat
1379 1531 1422 1568 E.

84 1588 109 1627 2
143 1588 304 1639 oppido]
344 1588 464 1627 valde.
525 1601 638 1628 meae
672 1595 873 1637 coquntur
905 1588 1062 1639 copiae]
1102 1590 1424 1639 constringuntur

83 1660 192 1699 meae
236 1648 411 1700 fraudes,
461 1642 504 1686 ut
551 1660 627 1686 non
674 1647 839 1686 multum
883 1649 934 1686 sit
978 1660 998 1686 a
1044 1660 1105 1686 me
1153 1648 1422 1687 infortunium.

83 1705 110 1746 ἔ)
148 1706 364 1756 triumpho]
417 1707 576 1757 gaudeo.
651 1705 676 1745 G
719 1706 900 1756 crucior]
953 1708 1155 1757 angustior
1198 1708 1239 1745 111
1283 1709 1422 1745 31111110.

84 1764 229 1815 bolum]
264 1765 302 1804 id
335 1771 395 1804 est
426 1766 620 1817 fraudem,
653 1778 768 1816 (1113111
800 1765 918 1804 habui
950 1768 1223 1817 excogitatam,
1257 1766 1423 1817 qualiter
1449 1775 1494 1805 25

82 1836 239 1875 possem
265 1825 418 1863 auferre
445 1838 464 1863 a
492 1837 584 1863 sene
610 1824 644 1862 X
675 1826 812 1863 minas.
871 1822 926 1864 10
952 1831 994 1864 αι
1023 1828 1082 1864 sic
1114 1825 1273 1875 opinor]
1307 1825 1424 1863 volvit

84 1885 349 1934 cogitationes
413 1884 529 1934 eztye]
564 1883 719 1922 exultat.

693 1995 752 2047 IV,
779 1994 814 2034 3.

172 2065 221 2104 L't
247 2067 426 2115 cognovit
446 2065 582 2117 Clinia,
608 2066 711 2104 filius
737 2066 967 2118 Menedemi,
988 2066 1236 2118 Antiphilam,
1259 2068 1423 2105 3111103111

85 2137 212 2176 suam,
249 2124 366 2162 tiliam
404 2137 490 2163 esse
523 2124 742 2164 Chremetis
781 2131 819 2164 et
856 2126 1071 2177 Sostratae,
1110 2125 1324 2164 laetabatur
1363 2138 1422 2164 se-
1449 2134 1494 2165 30

84 2196 215 2235 eurus,
249 2185 337 2234 quia
364 2182 469 2222 illam
495 2183 666 2236 duceret,
699 2189 832 2235 utpote
860 2198 958 2235 quae
986 2184 1107 2223 libera
1135 2191 1227 2223 erat.
1286 2183 1310 2223 3
1334 2185 1423 2234 sru-

180 2300 197 2330 7
225 2297 386 2331 intrante
412 2296 606 2341 Antiphila
637 2298 679 2332 Ῑ).
801 2301 833 2333 8.
861 2302 880 2331 9
914 2298 1012 2342 quod
1047 2327 1082 2333 ..
1115 2297 1247 2333 fuisset
1279 2298 1424 2342 DEM,

81 2344 196 2379 fuisse
224 2346 261 2380 C.
360 2347 403 2378 23
431 2344 467 2390 a]
495 2346 586 2388 aput
611 2345 658 2379 D.
757 2348 800 2379 26
826 2345 962 2391 minas]
988 2345 1129 2379 minum
1154 2345 1203 2380 I).
