1681 2576
165 742 208 774 10

168 1038 209 1068 15

148 1684 215 1741 '25

172 2004 217 2035 30

232 93 316 133 132
643 90 937 126 Commentarius
963 91 1159 135 antiquior.

231 203 358 255 modo,
386 202 467 241 scil.
489 202 641 254 accidit,
666 207 709 240 ut
733 201 913 240 omnibus
940 204 1086 253 inpune
1113 201 1256 240 malum
1282 202 1449 240 inferres
1471 203 1568 240 DM.

234 260 286 302 18
310 261 490 310 fructus]
520 262 688 299 suavitas
715 261 898 299 vescendi
925 263 970 300 l).
1022 273 1146 310 opera
1173 259 1342 310 luditur]
1370 259 1479 299 labor
1505 260 1570 299 de-

231 321 389 359 luditur.
460 318 513 359 19
553 319 723 369 abradi]
763 320 933 372 adquiri,
978 320 1160 358 abstrahi.
1226 316 1282 358 20
1320 320 1569 370 damnatum]

216 380 403 430 ligatum.
456 376 509 417 21
538 378 750 428 hominem]
778 391 850 417 me.
902 379 1081 429 edacem]
1111 378 1289 429 gulosum
1313 380 1354 416 G.
1411 381 1574 428 sapiunt

233 451 320 478 mea
352 436 567 487 sententia]
603 438 800 488 sapienter
828 443 947 487 agunt
977 450 1063 476 meo
1096 438 1253 476 iudicio.
1310 435 1367 475 24
1395 440 1573 485 qratiam

232 499 324 545 φερέ
354 496 499 546 refert]
534 497 623 547 quia
657 496 833 547 periculo
866 508 1066 547 opponens
1100 510 1139 535 se
1172 496 1393 534 libertatem
1424 497 1573 546 patriae

233 557 360 594 donat.
407 554 461 594 26
484 555 564 605 ille]
590 567 658 594 rex
678 555 738 604 vel
759 555 866 593 dives
888 555 1062 608 quilibet7
1090 557 1157 606 qui
1182 561 1220 593 te
1246 560 1367 593 vocat.
1414 553 1466 594 27
1490 557 1572 593 rin-

230 614 360 665 m'tur]
395 616 523 652 animo
551 615 816 653 contristatur.
866 616 1001 665 ringor
1032 616 1190 666 proprie
1217 619 1277 653 est
1307 615 1386 652 oris
1413 615 1573 664 apertio.

234 673 289 714 28
324 673 464 723 dubia]
504 673 607 711 lauta
640 674 814 711 DGEC.
871 673 931 711 vel
963 675 1128 725 incerta,
1163 673 1364 723 diligentia
1397 672 1574 711 ciborum

235 734 489 772 diversorum.
518 733 571 770 M.
615 730 668 770 29
684 734 783 780 quid
802 732 920 782 istuc]
943 733 1188 783 interruptio.
1232 731 1284 771 31
1302 730 1572 781 praesentem]

233 793 458 843 propitium.
511 788 682 829 24-31
711 791 775 829 dat
801 792 1131 842 comparationem
1158 791 1204 829 de
1227 791 1458 842 Antiphone7
1485 791 1575 841 quia

236 853 338 890 sicut
364 850 504 901 aliquis
531 851 699 888 invitans
719 855 888 902 apparat,
916 862 1014 901 quae
1037 852 1258 888 necessaria
1278 854 1369 892 sunt
1389 850 1435 888 ad
1460 862 1574 900 pran-

235 910 354 961 dium7
381 909 474 947 dum
500 908 598 946 alter
623 913 777 946 maneat
804 921 978 961 securus,
1006 911 1057 947 ita
1077 908 1258 947 Phormio
1284 913 1395 959 parat
1419 910 1575 958 nuptias

235 969 459 1019 Antiphoni,
479 968 571 1006 dum
591 967 655 1006 ille
677 969 825 1005 otiosus
841 970 900 1006 sit.
923 969 1016 1006 DM.
1050 966 1104 1006 32
1124 971 1258 1017 primu
1275 967 1410 1017 coitio]
1426 969 1575 1018 primus

237 1032 462 1078 conventus,
494 1028 620 1077 prima
652 1026 843 1065 allocutio.
874 1078 876 1080 .
902 1025 956 1065 33
984 1026 1163 1076 postilla]
1197 1027 1348 1065 deinde.

855 1156 900 1208 ΙΙ,
927 1155 963 1195 3.

328 1228 540 1267 Conductis
587 1239 720 1265 secum
760 1227 926 1266 testibus
970 1240 989 1266 a
1034 1228 1117 1266 foro
1161 1227 1335 1278 loquitur
1377 1226 1576 1277 Demipho,

242 1287 266 1326 3
299 1290 395 1336 quin
428 1292 469 1325 tu
501 1288 576 1325 hoc
615 1286 727 1336 ayes]
768 1286 860 1337 quid
892 1288 949 1324 vis
987 1285 1151 1337 sugere?
1211 1284 1239 1324 4
1271 1289 1349 1325 iam
1383 1298 1454 1334 egro
1487 1285 1577 1334 etc]

241 1347 412 1385 silenter.
482 1344 661 1395 agitabo]
708 1345 969 1384 commovebo.
1042 1358 1121 1395 pro
1163 1345 1295 1395 deum]
1341 1345 1580 1396 exclamatio,

241 1409 392 1457 aperte,
430 1406 482 1442 ita
519 1408 562 1441 ut
599 1403 787 1454 Demipho
826 1404 988 1443 audiret.
1052 1403 1076 1444 6
1115 1404 1229 1454 Geta]
1267 1404 1362 1443 Geta
1400 1405 1487 1442 ficte
1524 1403 1580 1441 lo-

242 1466 376 1515 quitur
413 1476 460 1502 ex
498 1475 664 1513 persona
695 1462 966 1516 Demiphonisy
1007 1468 1044 1502 et
1080 1468 1211 1502 tamen
1243 1465 1313 1515 ita,
1354 1468 1397 1502 ut
1428 1463 1580 1502 audiret

240 1523 440 1574 Demipho.
498 1519 551 1560 21
580 1524 716 1561 videas
743 1528 780 1560 te
807 1528 926 1571 atque
952 1525 1059 1562 illum
1085 1528 1130 1561 ut
1154 1522 1321 1572 narras]
1355 1523 1409 1560 ita
1433 1534 1580 1573 pauper

241 1584 306 1635 sis,
332 1586 376 1621 ut
402 1593 491 1620 eum
517 1593 653 1619 narras
675 1581 805 1619 fuisse.
858 1581 1019 1620 silenter
1045 1582 1229 1634 loquitur,
1255 1583 1308 1620 ita
1334 1586 1377 1620 ut
1399 1581 1580 1619 dominus

243 1653 336 1680 suus
375 1640 537 1679 audiret.
602 1638 656 1677 22
690 1652 777 1679 eum
810 1640 910 1690 esse]
950 1641 1165 1692 Stilponem
1204 1646 1409 1691 cognatum
1448 1641 1581 1678 fuisse.

244 1698 300 1739 24
326 1698 611 1748 inliberaliter]
637 1698 857 1738 inhumane.
909 1698 962 1739 27
991 1702 1181 1739 bonorum
1203 1698 1401 1748 ezrtorlor]
1423 1699 1581 1737 ablator.

242 1763 372 1808 layum
408 1756 632 1807 contortor]
673 1758 925 1796 conturbator
962 1759 1022 1797 vel
1060 1759 1298 1809 depravator.
1362 1760 1581 1797 convicium

242 1820 283 1856 in
319 1817 606 1855 Phormionem.
671 1815 724 1855 28
764 1818 977 1867 responde]
1018 1817 1189 1856 silenter.
1256 1814 1310 1855 35
1349 1817 1579 1867 expe‘scare]

242 1877 453 1926 investigas
489 1888 509 1913 a
540 1887 613 1912 me.
677 1873 730 1913 37
764 1876 917 1926 enicas]
958 1872 1127 1928 iugulas,
1165 1876 1283 1927 fallis,
1321 1878 1581 1915 circumvenis

242 1935 303 1973 vel
329 1935 489 1985 decipis.
547 1931 602 1971 42
632 1934 774 1983 Stilpo]
807 1932 923 1974 tacite
951 1935 1096 1974 subicit
1125 1937 1161 1974 ei
1186 1947 1339 1973 nomen.
1395 1933 1451 1975 46
1478 1936 1579 1985 rem]

243 1995 534 2046 patrimonium.
585 1990 643 2031 54
674 1992 838 2043 refellit]
872 1996 1023 2045 respuit
1055 2000 1142 2033 ante
1176 1995 1336 2033 iudices.
1391 1992 1445 2034 58
1478 1997 1583 2033 solus

243 2052 410 2102 reqnas]
437 2053 620 2090 ironicos.
672 2050 724 2090 67
748 2053 946 2103 amittere]
972 2054 1181 2092 dimittere.
1233 2052 1284 2092 71
1308 2058 1350 2092 at
1368 2065 1438 2092 nos
1458 2052 1580 2102 unde]

245 2124 380 2150 sumus
400 2108 597 2162 proximi?
646 2122 765 2159 quam
785 2113 832 2150 ob
853 2112 954 2162 rem]
980 2112 1158 2151 dabimus
1179 2114 1215 2150 ei
1235 2110 1393 2150 dotem?
1444 2110 1497 2151 73
1526 2114 1581 2150 in-

245 2170 360 2220 eptis]
396 2170 511 2208 stulte
545 2171 636 2219 agis.
690 2168 742 2208 78
776 2170 862 2220 aut]
898 2176 1014 2223 certe,
1047 2173 1080 2210 si
1113 2171 1225 2210 aliter
1256 2172 1404 2209 fecerit.

340 2288 360 2317 8
399 2283 654 2328 contristatur]
694 2283 961 2329 constringitur
994 2286 1029 2320 O.
1075 2306 1118 2309 —
1169 2284 1307 2330 ringo—r]
1346 2283 1451 2329 ringo
1490 2284 1580 2317 DE.

249 2336 289 2365 12
312 2332 483 2376 apparat]
511 2330 625 2364 alium
650 2333 759 2374 parat
784 2332 837 2367 M.
935 2336 978 2366 23
994 2332 1170 2378 silenter]
1199 2331 1355 2366 scienter
1380 2331 1522 2366 DGM.
