1681 2576
81 751 124 782 10

82 1042 125 1074 15

86 1630 130 1661 25

88 1923 133 1954 30

144 102 201 144 56
416 102 442 136 1.
482 100 632 136 Scholia
658 111 678 135 e
704 100 831 136 Servio
858 101 896 135 et
920 99 1110 135 Prisciano
1135 101 1266 146 petita.

146 225 193 252 ex
224 212 341 264 urbe,
374 210 555 262 Catilina,
589 210 724 249 consul
758 210 885 263 iubet,
921 211 1136 249 secundum
1167 210 1409 249 Priscianum
1441 211 1488 250 de

147 271 438 310 constructione
474 269 535 320 [ll,
557 268 671 319 288]
717 270 764 309 D.

236 329 351 368 Andr.
374 328 430 379 IV,
454 327 490 379 1,
511 326 565 366 29
599 328 828 378 altercasti]
863 327 1007 366 altere-0
1040 340 1109 378 pro
1143 328 1309 366 altercor
1338 329 1490 378 antiqui

148 387 340 439 dicebant,
373 393 414 425 ut
444 386 508 424 hic
541 386 750 438 altercasti,
783 386 885 437 qnod
912 386 1137 424 Priscianus
1170 388 1210 424 in
1236 387 1362 437 primo
1389 386 1489 424 libro

148 446 257 485 verbi
289 446 411 484 refert
444 444 488 496 [I,
510 442 623 494 392]
673 446 758 484 GE.

238 527 291 530 —
325 504 383 556 IV,
404 502 442 556 2,
464 501 517 542 13
550 503 726 553 valeant]
759 504 879 542 Varro
913 505 953 542 in
986 504 1096 542 libris
1129 504 1364 554 logistoricis
1397 503 1492 541 dicit

149 564 236 602 ideo
269 563 435 601 mortuis
467 562 548 600 vale
582 566 620 600 et
652 562 754 600 salve
781 562 876 614 dici,
913 574 992 600 non
1025 562 1127 612 quod
1159 562 1288 600 valere
1321 567 1386 600 aut
1418 562 1491 599 sal-

148 634 238 660 vere
277 623 445 672 possint,
487 620 554 659 sed
594 622 685 671 quia
723 620 769 658 ab
807 620 869 659 his
910 621 1131 659 recedimus
1170 633 1236 659 eos
1278 632 1491 671 numquam

147 681 282 719 visuri.
329 680 420 718 hinc
453 685 582 718 ortum
614 684 691 730 est,
723 684 766 717 ut
798 679 997 718 interdum
1029 679 1110 717 vale
1143 679 1340 718 maledicti
1374 680 1493 729 signi-

150 740 372 778 ficationem
398 738 554 789 babeat,
587 739 643 776 sic
675 739 716 775 in
748 738 820 776 hoc
852 737 954 776 loco:
986 737 1149 789 valeant,
1180 738 1253 776 hoc
1283 743 1358 776 est:
1390 739 1442 776 ita
1472 750 1492 775 a

149 797 262 837 nobis
283 797 496 849 discedant,
528 802 571 835 ut
597 808 810 846 numquam
830 796 876 834 ad
896 801 1075 835 nostrum
1095 801 1340 835 revertantur
1361 808 1494 847 aspec-

150 863 246 908 tum,
279 856 495 895 secundum
528 856 707 893 Servium
739 856 779 893 in
810 855 862 892 XI
887 855 979 893 Aen.
1014 853 1117 904 [97]
1163 856 1209 893 D.

240 937 294 941 —
320 914 379 965 IV,
401 912 438 966 3,
460 912 511 952 11
543 912 755 963 verbenas]
780 913 949 952 verbena
974 915 1132 964 proprie
1153 919 1213 952 est
1231 913 1352 952 herba
1372 925 1494 965 sacra,

152 979 306 1024 sumpta
343 973 390 1011 de
428 972 513 1011 1000
547 984 657 1010 sacro
690 972 879 1024 capitolii,
918 984 991 1023 qua
1025 971 1310 1010 coronabantur
1342 972 1493 1010 fetiales

152 1039 190 1071 et
209 1038 320 1083 pater
342 1037 528 1082 patratus,
555 1031 712 1069 foedera
733 1031 874 1069 facturi
894 1030 953 1069 vel
979 1030 1079 1069 bella
1105 1030 1301 1069 indicturi.
1335 1030 1494 1068 abusive

151 1097 282 1130 tamen
313 1092 389 1128 iam
422 1090 612 1128 verbenas
644 1102 827 1128 vocamus
864 1102 998 1128 omnes
1031 1089 1189 1127 frondes
1228 1094 1415 1140 sacratas,
1452 1093 1497 1127 ut

153 1155 213 1189 est
238 1150 383 1201 laurus,
416 1149 525 1201 oliva,
556 1154 719 1199 myrtus,
747 1149 850 1199 quod
875 1154 913 1186 et
938 1148 1147 1187 Terentius
1172 1148 1236 1186 llic
1263 1148 1365 1186 fecit.
1407 1159 1495 1186 nam

152 1214 303 1260 myrtus
330 1209 450 1246 fuisse
476 1207 699 1259 Menander,
732 1207 778 1245 de
807 1219 882 1258 quo
906 1207 1112 1245 Terentius
1141 1206 1353 1257 transtulit,
1378 1211 1495 1244 testa-

153 1273 217 1306 tur
251 1267 466 1306 secundum
499 1266 678 1305 Servium
709 1267 750 1304 in
781 1265 850 1303 XII
875 1266 967 1304 Aen.
1002 1263 1135 1315 [120]
1180 1266 1226 1303 D.

242 1349 296 1353 ——
330 1325 388 1377 IV,
415 1323 453 1376 3,
480 1323 536 1363 24
571 1323 769 1374 remorer]
808 1336 942 1362 moror
980 1336 1185 1362 commune
1224 1328 1284 1361 est
1315 1328 1353 1361 et
1385 1322 1497 1361 abso-

154 1386 291 1437 lutum,
323 1384 437 1422 modo
459 1385 634 1435 activam,
665 1383 780 1421 modo
807 1384 1001 1434 passivam
1024 1382 1141 1421 habet
1161 1382 1499 1433 significationem,

153 1444 269 1482 modo
302 1442 529 1481 absolutam.
568 1443 742 1493 activam,
775 1442 928 1492 quando
962 1442 1204 1479 accusativus
1236 1442 1423 1491 iungitur,
1455 1445 1499 1478 ut

153 1503 234 1554 hic,
275 1503 467 1552 passivam
500 1513 610 1552 vero,
650 1500 802 1551 quando
835 1500 1023 1538 ablativus
1062 1501 1256 1551 iungitur,
1292 1504 1337 1537 ut
1366 1510 1501 1536 moror

157 1575 176 1599 a
209 1568 260 1612 te,
293 1560 522 1612 absolutam,
555 1559 708 1610 quando
740 1571 812 1609 per
844 1571 884 1597 se
916 1559 1131 1610 profertur,
1168 1563 1211 1596 ut
1243 1557 1336 1608 quid
1367 1569 1500 1595 moror

156 1621 356 1659 Prisciano
388 1624 488 1657 teste
521 1620 561 1656 in
592 1619 719 1668 primo
749 1617 849 1656 libro
881 1617 991 1655 verbi
1025 1617 1069 1669 [I,
1090 1614 1205 1666 389]
1255 1617 1341 1655 GE.

246 1701 299 1705 —
322 1678 380 1730 IV,
399 1675 439 1729 4,
460 1676 485 1716 6
513 1679 611 1725 quid
629 1679 689 1715 ille·
706 1675 923 1725 hominum]
957 1688 1028 1726 pro
1049 1680 1143 1726 quot
1162 1675 1340 1712 homines
1362 1686 1501 1712 secun-

158 1738 250 1776 dum
276 1737 520 1775 Priscianum
553 1735 615 1787 [II,
638 1733 751 1784 187]
791 1736 839 1774 I).
894 1734 1013 1783 quid]
1047 1746 1117 1784 pro
1151 1738 1256 1784 quot,
1289 1745 1401 1771 casus
1427 1745 1498 1783 pro

158 1809 260 1835 casu.
280 1797 322 1834 G.
355 1797 455 1843 quid
472 1792 691 1843 hominum]
712 1793 751 1831 id
773 1798 833 1831 est
854 1798 948 1843 quot
966 1793 1158 1843 homines,
1178 1803 1290 1830 casus
1310 1803 1382 1842 pro
1397 1804 1503 1842 casu,

159 1855 262 1905 quod
278 1856 316 1892 111
334 1855 460 1904 primo
478 1852 578 1890 libro
593 1853 898 1890 constructionis
913 1851 1017 1889 idem
1034 1850 1257 1889 Priscianus
1278 1849 1427 1900 probat.
1454 1851 1500 1888 E.

248 1935 301 1939 —-
329 1912 388 1964 IV,
407 1909 446 1963 4,
468 1909 522 1950 33
549 1924 599 1950 ne
625 1909 710 1960 illa]
743 1922 792 1948 ne
820 1910 1046 1948 adverbium
1078 1910 1150 1947 hoc
1183 1908 1267 1947 1000
1294 1921 1364 1959 pro
1390 1908 1501 1946 valde

160 1973 350 2022 accipitur
380 1970 580 2008 Prisciano
612 1968 802 2020 probante
834 1970 875 2007 in
907 1968 1102 2019 adverbiO,
1133 1967 1201 2006 ubi
1226 1967 1330 2006 hunc
1356 1967 1501 2005 Teren—

159 2032 257 2069 tium
295 2034 436 2068 testem
474 2027 632 2067 adhibet
670 2027 732 2079 [II,
759 2025 844 2077 84]
894 2028 936 2066 G.
963 2028 1009 2066 E.
1075 2026 1157 2065 Hoc
1194 2038 1243 2064 ne
1282 2038 1352 2076 pro
1391 2025 1502 2064 valde

161 2088 432 2139 accipiendum
463 2092 522 2125 est
552 2086 752 2125 Prisciano
785 2091 885 2125 teste
916 2087 958 2124 in
991 2085 1185 2124 adverbio.
1230 2085 1278 2123 D.

257 2193 276 2223 6
295 2188 493 2223 historicis.
548 2191 591 2222 15
612 2189 649 2222 et
668 2198 733 2222 om.
792 2190 835 2221 22
854 2187 964 2222 modo
985 2186 1198 2221 absolutam
1217 2197 1283 2220 om.
1299 2185 1341 2220 G.
1397 2187 1441 2218 23
1461 2185 1504 2217 ut

162 2248 227 2271 om.
243 2237 288 2271 E.
341 2239 384 2270 25
404 2235 594 2269 Prisciano
617 2255 659 2259 —
680 2233 785 2268 verbi
804 2238 886 2269 ante
905 2233 1096 2278 passivam
1113 2243 1200 2267 vero
1215 2233 1261 2267 E.
1313 2234 1356 2265 30
1376 2230 1415 2264 in
1433 2231 1503 2265 hoc

161 2284 242 2318 1000
270 2283 315 2318 Ε.
392 2285 446 2317 31.
474 2285 518 2316 32
544 2281 610 2316 ubi
633 2281 821 2315 auctorem
845 2281 942 2315 hunc
961 2281 1096 2315 testem
1116 2279 1272 2314 adhibet
1290 2277 1504 2312 Terentium

164 2331 209 2364 de
234 2330 304 2364 1100
329 2329 410 2374 ipso
437 2329 483 2364 E.
538 2328 590 2372 Cf.
618 2328 734 2364 Haut.
754 2329 811 2372 II,
830 2332 864 2372 1,
883 2332 940 2364 10.
979 2328 1050 2363 Ad.
1071 2327 1152 2371 III,
1171 2330 1206 2370 3,
1226 2329 1284 2361 87.
