1681 2576
147 785 187 815 10

148 1126 189 1156 15

148 1432 192 1463 20

151 1797 195 1829 25

152 2092 196 2122 30

213 137 269 178 84
623 135 915 170 Commentarius
943 134 1140 179 antiquior.

195 242 425 298 'quaerebat
460 258 548 284 eum
581 247 743 296 cupiens
776 247 903 283 omnia
936 247 989 296 ei,
1028 257 1125 295 quae
1159 257 1179 282 a
1210 250 1320 295 patre
1353 245 1554 297 didicerat,

213 308 405 345 intimare.
446 310 483 343 et
509 317 587 343 non
613 306 816 342 inveniens
845 317 933 342 eum
960 304 1086 342 lassus
1110 305 1251 341 itinere
1273 315 1406 350 secum
1427 307 1552 356 coepit

213 365 321 415 loqui
340 365 486 402 dicens.
520 362 545 402 3
567 366 700 402 neseio
721 363 839 412 quid]
861 365 994 401 nescio
1016 367 1177 414 propter
1199 362 1291 413 quid
1317 364 1355 401 C.
1389 361 1414 403 8
1435 364 1552 414 euye]

215 424 330 475 salve,
355 436 428 461 vox
456 422 670 460 salutantis
713 421 738 460 9
760 422 874 471 quin]
902 424 1043 472 potius,
1091 420 1140 460 11
1164 420 1367 471 optandis]
1394 421 1554 460 hebetas

215 488 253 521 et
291 482 466 520 retardas
499 493 572 519 me.
636 479 690 519 23
724 481 882 530 obsoni]
922 481 961 518 id
999 486 1058 519 est
1093 480 1223 518 edulii.
1274 485 1319 518 ⁴et
1350 480 1555 519 obsonium

215 540 451 592 generaliter
481 540 664 579 dicuutur
694 552 829 577 omnes
859 539 953 591 cibi,
986 552 1083 590 quos
1113 539 1383 577 indifferenter
1415 541 1556 591 accipi-

214 613 313 652 mus,
344 599 448 638 unde
483 596 729 637 ‘obsonatum
763 595 837 636 est’
871 598 1055 651 dicimus,
1095 598 1133 636 id
1167 603 1227 636 est
1258 603 1464 637 coenatum
1497 604 1557 637 est

215 660 314 698 ΒΜ.
360 657 413 698 27
442 658 684 707 malronam]
719 669 816 707 quae
845 656 1069 695 conciliaret
1097 658 1262 707 nuptias.
1314 655 1370 696 30
1396 656 1555 707 opinor]

214 717 464 768 indignando.
528 717 727 766 redarguit
771 728 878 767 eum,
923 716 1026 767 quod
1071 716 1222 754 dixerat
1248 717 1422 768 opinor,
1468 728 1556 754 nam

215 778 573 828 opinatio'incerta
611 787 675 813 res
714 780 784 813 est.
841 773 893 813 31
928 774 1117 824 conveni]
1157 774 1345 813 allocutus
1378 787 1464 813 sum
1496 774 1557 813 vel

216 836 375 874 obviavi.
436 833 490 873 32
523 834 651 884 obolo]
692 833 852 871 dimidio
891 833 1062 871 denario.
1120 831 1174 872 33
1208 839 1277 872 tua
1309 833 1451 883 opera]
1490 839 1556 872 tuo

217 894 357 946 studio,
390 893 427 931 id
462 898 521 931 est
553 898 618 931 tua
648 905 826 943 persona.
877 892 1025 942 nullus]
1053 905 1124 943 pro
1150 893 1323 931 minime.
1375 890 1430 931 34
1456 895 1555 931 ridi-

216 957 348 993 culum
381 951 526 1002 eaput]
566 952 680 990 homo
720 953 803 989 risu
841 951 992 1001 dignus.
1062 950 1116 991 36
1156 950 1298 1001 ambis]
1342 951 1557 1003 seduxeris,

215 1014 293 1051 nisi
323 1013 401 1050 tuis
434 1010 618 1062 precibus
652 1012 885 1049 exoraveris.

834 1116 868 1154 II
907 1114 944 1154 3.

870 1147 880 1168 7

306 1186 331 1227 2
369 1187 629 1237 succenseat]
674 1199 907 1225 succensere
949 1191 1009 1224 est
1050 1186 1284 1236 redarguere
1323 1186 1384 1224 vel
1424 1198 1557 1237 repre-

217 1247 401 1286 hendere.
457 1246 479 1285 7
510 1252 631 1296 pater
662 1252 730 1294 est,
752 1247 981 1295 Pamphile,
1014 1245 1186 1293 difficile
1216 1244 1295 1295 est]
1327 1250 1437 1296 pater
1467 1250 1560 1284 tuus

218 1311 288 1358 est,
320 1318 399 1344 non
432 1305 550 1343 debes
584 1307 620 1343 ei
652 1306 852 1356 resistere,
884 1306 987 1343 sicut
1017 1305 1075 1341 vis
1108 1305 1156 1342 D.
1204 1303 1307 1354 sola]
1340 1306 1560 1355 peregrina,

219 1367 302 1403 sine
330 1365 432 1416 dote,
465 1366 549 1404 sine
576 1363 816 1414 parentibus,
871 1362 895 1403 8
923 1362 1067 1412 eiciat]
1101 1363 1349 1413 indignando.
1401 1361 1426 1401 9
1453 1363 1558 1412 leem]

219 1425 437 1462 irascentis.
484 1421 536 1461 21
564 1422 718 1472 speres]
745 1424 871 1461 times.
917 1421 972 1461 25
999 1421 1112 1471 quin]
1141 1434 1211 1460 cur
1236 1434 1324 1460 non.
1370 1420 1422 1461 27
1453 1421 1558 1471 faei-

219 1496 294 1522 nus
326 1481 485 1532 audax]
519 1481 631 1532 culpa
664 1482 964 1532 praesumptiva.

838 1599 883 1651 II,
908 1596 947 1637 4.

308 1670 411 1709 Davo
438 1670 646 1709 recedente
674 1682 692 1707 a
718 1674 932 1720 conspectu
951 1669 1122 1707 Simonis
1146 1670 1274 1719 coepit
1300 1681 1433 1707 secum
1454 1668 1559 1707 Simo

222 1731 393 1780 cogitare
431 1742 474 1768 ac
513 1729 663 1767 dicere:
708 1731 807 1780 scio,
845 1730 936 1779 quia
973 1728 1099 1766 Davus
1138 1729 1265 1765 onmia
1303 1729 1374 1766 ista
1416 1740 1560 1766 renun-

221 1789 335 1827 tiabit
374 1788 454 1826 filio
486 1800 573 1826 meo
610 1787 804 1838 simulque
840 1786 1078 1838 hortabitur,
1116 1785 1221 1824 illam
1252 1798 1300 1824 ne
1333 1786 1447 1825 ducat
1473 1786 1561 1825 Phi-

222 1847 431 1898 lumenam,
464 1859 580 1897 quam
606 1859 676 1897 ego
702 1846 788 1884 volo
817 1847 852 1884 ei
881 1846 983 1884 dare.
1033 1845 1176 1883 Vadam
1202 1846 1321 1895 igitur
1347 1850 1386 1884 et
1411 1845 1561 1897 videbo,

223 1907 315 1957 quid
342 1911 521 1944 tractent.
566 1907 603 1944 C.
661 1904 686 1943 2
714 1905 839 1943 Davus
865 1905 911 1943 ad
937 1904 1193 1956 Pamphilum,
1225 1916 1313 1942 cum
1340 1917 1417 1956 quo
1444 1917 1561 1955 supra

223 1965 457 2016 loquebatur
483 1965 635 2003 dicens:
668 1977 758 2002 cave
790 1969 828 2002 te
855 1965 1008 2002 tristem
1035 1964 1177 2001 sentiat
1207 1968 1329 2015 pater,
1361 1963 1424 2002 1110
1456 1965 1558 2002 enim

222 2029 333 2076 pater
359 2029 461 2062 tuus.
505 2028 656 2062 textum
678 2024 865 2062 orationis
885 2024 1157 2073 unusquisque
1183 2023 1445 2074 persequitur,
1470 2022 1562 2061 licet

223 2084 391 2134 sparsim
407 2088 445 2121 et
459 2084 634 2134 quamvis
653 2082 748 2120 aliae
767 2094 958 2133 personae
979 2081 1278 2120 introducantur
1291 2081 1488 2132 abruptae.
1521 2082 1558 2120 C.

224 2141 249 2181 3
277 2155 328 2182 ex
353 2145 436 2195 solo
460 2141 563 2191 loeo]
592 2154 639 2180 ex
666 2146 830 2193 secreto,
855 2142 956 2192 quia,
983 2140 1136 2191 quando
1163 2141 1378 2191 cogitamus
1404 2140 1560 2192 aliquid,

224 2201 394 2240 solemus
421 2213 509 2239 esse
538 2202 689 2239 secreti.
740 2197 766 2239 5
793 2199 985 2250 differat]
1014 2201 1065 2238 ist
1091 2204 1151 2238 est
1177 2200 1364 2251 increpet,
1397 2199 1559 2250 dissipet

224 2260 475 2310 obiurgando.

321 2377 339 2406 6
368 2372 585 2419 accipimus]
608 2372 786 2407 sumimus
806 2372 854 2407 M.
932 2376 950 2406 7
976 2371 1073 2406 unde
1088 2392 1131 2397 —-
1146 2372 1342 2406 coenatum
1362 2373 1418 2406 est
1431 2382 1495 2408 om.
1511 2373 1562 2409 D.
