1681 2576
430 100 866 135 Heautontimorumenos
892 100 918 144 I,
940 103 958 133 1
969 121 1010 125 -
1020 100 1063 145 Π,
1086 104 1115 135 1.
1364 100 1384 140 1
1394 101 1413 139 1
1421 100 1447 140 5

106 212 160 253 28
188 211 300 261 usus]
327 209 484 250 utilitas.
525 209 581 250 30
601 210 767 260 laboris]
794 210 895 248 mali.
941 208 993 249 31
1023 213 1062 249 εἰ
1085 210 1198 260 mihi]
1226 212 1446 249 interiectio

106 271 286 310 dolentis.
328 268 380 309 37
398 269 570 319 adpone]
588 269 740 320 depone
761 269 820 308 vel
841 269 991 320 applica
1010 274 1150 322 terrae,
1169 274 1212 307 ut
1226 268 1446 320 incumbas,

105 325 161 370 39
194 342 272 369 non
302 328 449 378 sinam]
483 329 597 366 modo
631 328 824 378 significat
853 327 1099 367 Chremetem
1132 341 1220 367 eum
1251 330 1289 366 vi
1321 329 1368 367 ab
1401 341 1446 367 eo

107 395 279 428 rastrum
305 387 540 426 abstrahere.
591 385 648 426 45
674 387 851 437 perdite]
885 389 1155 440 intemperate,
1181 388 1447 426 immoderate.

106 447 162 488 48
184 446 410 496 aeyrotum]
438 446 598 484 libidine
626 451 665 484 et
690 458 820 485 amore
845 452 1001 497 captum
1022 453 1061 486 et
1083 447 1170 485 ideo
1196 447 1446 485 infirmatum.

106 505 163 546 50
182 506 287 556 leem]
311 506 531 544 interiectio
558 506 775 543 irascentis.
826 503 884 557 54
903 506 1117 555 tantisper]
1146 506 1185 544 id
1209 511 1268 544 est
1289 506 1446 544 tamdiu.

107 565 161 606 57
190 564 308 614 adeo]
340 569 456 602 certe.
515 561 567 602 71
598 564 769 613 incerto]
803 570 936 603 utrum
961 565 1136 603 viderem
1162 565 1286 603 filium
1312 577 1447 604 neone.

110 623 163 664 76
190 623 294 673 hem]
322 624 543 661 interiectio
571 625 774 673 gementis.
831 623 883 663 77
911 636 972 662 me
997 624 1204 674 expleant]
1230 624 1328 662 mihi
1355 626 1448 663 satis

107 684 259 722 saciant.
311 679 367 722 84
391 684 428 721 εἰ
452 684 496 720 id
520 681 692 731 faciam]
725 682 764 720 id
791 688 850 720 est
876 684 909 721 si
935 684 1190 735 requiescam,
1222 689 1265 721 ut
1291 688 1331 722 tu
1358 683 1448 721 hor-

107 744 214 794 taris,
244 740 305 779 vel
335 742 368 779 si
394 752 530 779 omnes
562 741 632 778 hos
666 746 844 792 sumptus
878 741 983 780 solus
1016 742 1249 793 expendero.
1305 741 1447 792 usque]

108 813 263 852 semper
287 802 324 839 C.
371 797 426 839 85
454 800 624 849 inopem]
654 800 734 838 scil.
755 802 951 853 miseram,
977 801 1037 839 rel
1064 803 1154 852 quia
1179 802 1256 840 vita
1281 801 1450 840 militum

81 880 83 882 ·
107 862 220 911 inops
244 864 313 898 est.
360 857 414 898 89
436 858 624 908 conrasi]
652 858 833 897 abstraxi.
880 858 933 898 92
957 860 1161 910 produxi]
1190 861 1230 898 in
1250 860 1449 899 nundinis.

109 918 318 968 inscripsi]
354 919 480 968 pretio
511 917 702 968 deputavi.
764 916 820 957 94
851 918 985 968 coeyz']
1017 919 1239 958 coadunavi.
1301 917 1356 958 95
1384 921 1448 958 de-

108 981 221 1017 crevi
251 976 341 1026 etan]
388 976 425 1014 id
466 982 526 1015 est
564 989 679 1027 quain
717 977 784 1015 diu
824 990 886 1015 me
926 978 1054 1028 affligo
1095 991 1165 1028 pro
1207 978 1290 1031 illo,
1335 990 1449 1030 spero

111 1037 256 1075 tamdiu
282 1038 318 1073 ei
344 1037 528 1073 iniuriam
555 1040 592 1073 ot
618 1037 789 1086 inopiam
815 1038 1007 1075 minorem
1035 1038 1161 1075 facere
1188 1042 1226 1076 et
1252 1037 1449 1076 leviorem.

111 1094 193 1134 102
226 1095 316 1144 qui]
356 1107 426 1145 pro
466 1107 541 1145 quo
580 1094 640 1133 vel
678 1095 755 1133 uhi.
790 1117 844 1121 —
876 1098 948 1135 abi
976 1108 1055 1135 non
1088 1109 1181 1135 vere
1212 1096 1377 1146 vivitur]
1411 1097 1449 1134 id

1478 749 1519 779 10

1478 1043 1520 1074 15

109 1160 184 1193 est:
211 1153 265 1192 ihi
293 1153 508 1191 simultates
530 1153 589 1191 vel
610 1155 880 1193 contentiones
903 1154 1000 1193 tales
1027 1155 1259 1207 procedunt,
1284 1155 1352 1194 ubi
1372 1168 1451 1194 non
1483 1195 1491 1200 ,

109 1218 215 1252 reete
241 1214 394 1251 vivitur.
448 1210 532 1251 110
558 1212 772 1262 Dionysia]
810 1213 847 1251 id
881 1219 940 1252 est
972 1214 1069 1252 festa
1100 1214 1287 1266 Dionysii,
1318 1214 1452 1253 Liberi

107 1274 241 1324 patriS,
256 1273 357 1310 sicut
372 1271 601 1323 Saturnalia,
614 1271 846 1324 Vulcanalia,
864 1270 1096 1323 Neptunalia
1112 1273 1316 1324 pluraliter
1337 1274 1450 1312 (licta.

110 1329 193 1370 115
208 1334 411 1370 lacrumas
426 1330 516 1380 eta]
539 1343 673 1369 secum
688 1336 888 1370 revertens
906 1332 978 1370 hoe
994 1332 1237 1383 loquebatur.
1273 1331 1356 1371 119
1371 1344 1450 1372 mo-

108 1389 255 1439 nitore]
289 1391 505 1427 invitatore.

733 1460 761 1513 I,
788 1460 825 1500 2.
987 1500 994 1508 ,

197 1525 366 1564 Rediens
404 1524 590 1563 Chremes
629 1538 648 1563 a
686 1524 913 1564 Menedemo
956 1528 1104 1566 invenit
1145 1529 1186 1565 in
1225 1527 1338 1566 domo
1382 1541 1450 1566 sua

108 1585 285 1636 Cliniam,
317 1584 440 1622 filium
468 1583 699 1636 Menedemi,
731 1584 955 1635 loquentem
988 1599 1077 1625 cum
1104 1586 1337 1639 Clitiphone,
1370 1587 1449 1625 filio

109 1656 198 1696 suo,
235 1648 274 1682 et
308 1645 384 1681 iam
417 1644 575 1681 miserat
607 1643 732 1682 Clinia
769 1656 840 1694 pro
874 1657 943 1683 sua
975 1650 1110 1684 amata.
1176 1643 1226 1684 11
1262 1646 1448 1695 amplias]
1504 1653 1516 1660 ‘

109 1715 225 1754 quam
257 1702 410 1753 quando
443 1714 532 1740 eum
565 1703 733 1740 invitavi.
793 1701 846 1742 16
879 1704 1040 1754 misere]
1074 1709 1219 1743 tenere.
1277 1703 1333 1743 24
1360 1708 1452 1755 plus

108 1761 223 1812 satis]
250 1761 338 1812 plus
366 1762 479 1799 iusto.
538 1758 593 1799 25
619 1763 693 1800 sed
715 1765 934 1812 reprimam
960 1763 1037 1813 me]
1069 1764 1231 1802 tacendo
1259 1764 1357 1803 (lixit
1383 1777 1450 1803 no-

108 1820 193 1859 lens
208 1820 381 1858 dolorem
396 1821 518 1871 patris
533 1821 782 1859 manifestare
797 1827 958 1872 propter
973 1822 1096 1861 lilium
1110 1836 1234 1861 suum.
1263 1821 1314 1862 31
1332 1826 1452 1863 unius

109 1878 238 1929 modi]
272 1878 493 1917 dilectionis
526 1892 652 1918 causa.
710 1881 946 1931 tolerabilis]
978 1882 1016 1920 id
1043 1887 1102 1921 est
1134 1884 1240 1920 mitis
1273 1888 1311 1920 et
1344 1894 1450 1921 mau-

111 1943 246 1977 suetus
259 1939 389 1976 minus
404 1931 809 1990 quam'expedIatDE
814 1940 863 1978 M
879 1940 893 1989 [
898 1942 933 1978 l)
942 1941 989 1979 M
1000 1943 1101 1980 add:
1122 1943 1210 1991 quia
1226 1941 1313 1992 plus
1335 1941 1446 1979 debet

111 1996 358 2047 ossemitis}
416 1994 470 2035 32
497 1997 652 2047 nolunt]
678 1997 884 2048 pluraliter
909 2012 979 2050 pro
1007 2000 1205 2050 singulari.
1264 1998 1318 2039 36
1341 2003 1449 2050 peri-

111 2056 231 2106 clum]
253 2055 534 2107 probationem.

728 2127 773 2180 ll,
802 2127 836 2166 1.

200 2191 378 2242 Clitipho,
400 2190 502 2229 filins
523 2191 752 2244 Chremetis,
776 2205 907 2232 secum
931 2199 1080 2244 patrem
1101 2206 1313 2246 omnesque.
1336 2208 1450 2234 sones

113 2250 433 2302 reprehendebat.
486 2248 510 2288 3
539 2245 714 2300 (piaeque
741 2257 846 2289 aetas
873 2266 986 2291 suum
1020 2255 1222 2304 proprium
1254 2254 1370 2293 habet
1397 2256 1449 2292 vi-

188 2321 250 2375 -3.5
276 2339 464 2385 proprium
490 2339 605 2374 habet
629 2339 778 2388 vitium]
804 2343 954 2387 propriu
981 2343 1103 2378 intus?
1141 2344 1257 2378 vitia?
1298 2344 1343 2379 E.

1121 2403 1166 2436 8²³²

1477 1338 1522 1370 20

1478 1950 1521 1981 30

1477 2261 1521 2293 35
