1681 2576
264 82 420 126 Hecyra.
470 81 649 126 Prologus
675 81 702 115 Ι.
752 80 930 125 Prologus
956 81 999 114 Π.
1051 81 1076 124 Ι,
1107 86 1121 115 1
1140 101 1183 106 -—
1199 81 1224 124 Ι,
1248 84 1278 115 2.
1360 81 1440 120 141

101 193 295 244 6161115115,
327 194 515 244 reiectus;
548 197 586 230 et
617 196 676 230 est
708 203 845 241 graeca
877 191 1011 242 figura,
1044 193 1248 241 genetivus
1280 203 1350 242 pro
1379 191 1443 229 al)-

100 253 215 291 lativo
231 254 277 291 D.
320 249 374 290 1Ο
395 250 534 300 assere]
558 251 735 288 recitare.
780 248 832 288 12
850 249 1026 299 perfeci]
1048 262 1134 289 mea
1155 252 1385 289 auctoritate
1407 257 1443 288 et

99 316 302 363 potestate.
372 308 426 348 25
463 312 644 359 puyilum
681 308 833 358 qloria]
879 308 1085 347 delectatio
1126 309 1187 348 vel
1227 309 1443 347 admiratio.

101 370 253 422 pugiles
281 374 402 420 erant,
430 370 496 419 qui
521 380 610 406 cum
636 367 831 406 caestibus
859 368 1106 406 dimicabant.
1158 367 1211 408 27
1241 368 1442 418 comitum]

101 431 309 480 socioriun,
339 429 559 466 mimorum.
603 426 810 476 strepitus]
845 426 1073 465 saltatorum
1098 427 1159 465 vel
1191 427 1442 466 saltatricum.
1495 436 1515 465 5

102 486 158 527 30
191 491 230 526 in
263 488 514 535 experiundo
545 490 589 524 ut
620 485 758 535 essem]
793 491 835 524 ut
866 485 1092 538 probarem,
1124 488 1158 524 si
1183 486 1328 524 vellent
1359 498 1445 525 eam

102 547 247 585 audire.
300 544 353 584 33
382 549 569 594 puyncmt
599 546 648 583 de
679 544 782 594 loco]
816 544 884 583 ubi
916 550 1020 583 stent
1051 547 1091 583 in
1122 546 1288 597 theatro,
1321 546 1360 584 id
1387 551 1445 584 est

102 606 149 644 de
176 606 342 644 statione
368 604 455 655 loci,
484 603 617 641 volens
644 605 915 654 unusquisque
942 605 983 642 in
1010 616 1055 642 eo
1083 609 1186 643 stare
1213 604 1309 656 loco,
1340 604 1445 642 unde

102 665 380 714 congruentius
413 662 524 701 ludos
556 664 682 713 possit
711 663 856 701 videre.
908 661 963 702 35
1001 663 1125 713 nune]
1164 663 1298 715 modo,
1329 665 1446 702 tertia

101 725 196 761 vice.
249 720 301 761 37
336 720 656 770 condecorandi]
685 722 859 760 ornandi.
912 720 966 761 38
993 722 1203 772 musicam]
1230 724 1444 761 metricam.
1475 721 1516 761 10

103 779 158 820 39
179 780 382 830 recidere]
410 780 551 818 redire.
590 778 646 820 46
668 781 999 831 circumvenlum]
1028 781 1246 833 deceptum.
1282 779 1336 821 47
1359 794 1446 820 mea

104 839 249 890 causa]
287 844 448 891 propter
479 851 606 877 meam
638 852 812 891 causam,
850 842 917 890 qui
952 842 1137 879 recitator
1169 852 1255 879 sum
1288 846 1326 879 et
1358 841 1447 891 quia

105 904 259 950 poetam
292 900 332 936 in
364 911 491 936 meam
523 899 657 949 accepi
688 898 861 937 tutelam.
911 896 967 937 49
996 902 1128 949 pretio
1162 904 1311 949 emptas
1343 898 1445 949 meo]

103 959 141 996 id
175 963 233 996 est
265 957 455 996 beneficio
488 969 574 995 meo
609 962 647 995 et
678 958 821 1009 favore,
853 958 955 1008 quod
988 959 1170 1009 impendo
1203 963 1351 1010 poetae.

728 1086 756 1138 I,
784 1085 818 1125 1.
1478 1097 1518 1127 15

192 1163 355 1201 Philotis
382 1164 462 1201 sive
482 1162 693 1202 Philotium
719 1165 905 1202 meretrix
926 1164 1099 1215 loquitur
1119 1177 1208 1203 cum
1230 1164 1323 1216 Syra
1344 1164 1449 1202 aliis-

104 1235 180 1274 que
213 1221 489 1260 meretricibus
527 1222 575 1260 de
607 1222 828 1274 Pamphilo,
867 1225 934 1273 qui
966 1223 1127 1262 dimissa
1158 1223 1350 1263 Bacchide
1383 1223 1449 1261 de-

106 1283 305 1333 sponsavit
331 1281 611 1333 Philumenam,
638 1281 756 1319 filiam
777 1281 968 1333 Phidippi.
1015 1281 1039 1321 3
1066 1282 1143 1333 vel]
1170 1296 1241 1334 pro
1269 1284 1386 1321 etiam
1411 1283 1448 1321 C.

104 1340 166 1379 vel
186 1352 345 1379 sensum
366 1342 540 1379 continet
558 1340 829 1379 diminutionis
845 1342 900 1380 M.
938 1339 966 1380 4
980 1354 1099 1390 quam
1112 1341 1268 1392 sancte]
1284 1341 1450 1380 multum

105 1399 300 1450 religiose.
346 1398 370 1438 8
392 1398 562 1449 mutiles]
584 1399 779 1438 diminuas
798 1400 899 1438 bona
924 1400 1028 1439 illius
1049 1402 1085 1439 D
1099 1403 1174 1440 CE
1182 1402 1236 1441 M.
1268 1400 1450 1440 mutilum
1477 1411 1520 1442 ‘20

106 1470 227 1510 pecus
253 1458 397 1497 dieitur
424 1459 508 1496 sine
535 1458 733 1510 cornibus,
758 1459 934 1498 mutilata
960 1472 1051 1499 vero
1085 1473 1148 1499 res
1176 1462 1383 1499 imminuta
1403 1461 1449 1498 I).

107 1516 317 1567 quemque]
351 1516 390 1554 id
423 1521 482 1555 est
515 1529 800 1568 quemcumque
833 1523 1056 1557 amatorem.
1110 1517 1162 1558 12
1194 1518 1449 1569 voluptatem]

107 1576 348 1614 desiderium
367 1577 412 1614 E.
460 1574 512 1614 13
534 1576 693 1625 amabo]
716 1576 952 1616 blandientis
973 1580 1010 1616 C.
1057 1576 1112 1617 14
1137 1578 1321 1628 eandem]
1345 1579 1451 1617 simi-

110 1635 203 1687 lem,
241 1635 395 1686 duram,
434 1636 742 1686 incompositam.
795 1634 849 1675 15
882 1639 1026 1676 ulcisci
1061 1637 1335 1687 adversarios]
1370 1639 1451 1675 vin-

107 1694 250 1732 dictam
282 1706 437 1732 511111616
471 1699 509 1732 et
540 1706 705 1745 poenam
737 1695 784 1733 de
816 1695 1060 1735 adversariis.
1478 1707 1522 1737 ‘25

736 1823 764 1877 1,
791 1823 827 1863 2.

198 1899 420 1950 Pamphilus
453 1905 559 1938 certa
591 1913 706 1939 causa
739 1903 837 1940 ierat
868 1902 969 1940 ultra
995 1915 1101 1941 mare
1129 1905 1168 1942 in
1195 1903 1367 1943 Imbrum
1395 1907 1452 1943 111-

110 1957 234 1996 sulam
261 1959 390 1996 iussus
417 1971 437 1996 a
462 1958 601 2011 Lache,
627 1965 736 2010 patre
764 1973 846 2012 suo,
872 1966 910 2000 et
937 1961 1167 2012 sperabatur
1195 1964 1269 2001 iam
1297 1966 1453 2015 reverti,

110 2017 213 2055 unde
246 2016 434 2055 Parmeno
472 2019 518 2056 iit
549 2019 856 2071 consideratum,
895 2022 928 2058 si
966 2022 1041 2059 iam
1076 2023 1225 2060 veniret
1264 2023 1310 2060 ad
1348 2022 1451 2062 litus.

109 2073 138 2114 4
164 2076 312 2126 nullus]
346 2088 416 2126 pro
449 2089 525 2115 non
552 2078 652 2125 ΒΜ,
685 2090 755 2129 pro
787 2091 866 2117 non
899 2080 1115 2119 seeundum
1141 2080 1386 2120 priscianum
1408 2084 1452 2121 E.
1480 2092 1524 2122 30
1578 2081 1585 2089 “

115 2134 186 2184 [cs.
207 2136 305 2174 Bon.
328 2137 383 2173 ad
401 2137 508 2175 hunc
528 2136 617 2185 loa]
664 2135 690 2175 5
718 2138 838 2187 alias]
861 2138 935 2176 alio
956 2144 1143 2190 tempore.
1190 2140 1214 2179 8
1236 2142 1451 2191 mecastor!

115 2195 387 2232 iuramentum.
436 2192 485 2232 11
510 2197 853 2246 inhumanissimo!
883 2199 1121 2236 avarissimo.
1177 2197 1229 2237 12
1252 2202 1451 2239 he'emze'nm

206 2323 251 2354 20
277 2319 465 2365 mutilum]
492 2319 675 2354 mutinum
697 2321 743 2356 Ι).
