<?xml version="1.0" encoding="UTF-8"?>
<!DOCTYPE html PUBLIC "-//W3C//DTD XHTML 1.0 Transitional//EN"
    "http://www.w3.org/TR/xhtml1/DTD/xhtml1-transitional.dtd">
<html xmlns="http://www.w3.org/1999/xhtml" xml:lang="en" lang="en">
 <head>
  <title>
</title>
<meta http-equiv="Content-Type" content="text/html;charset=utf-8" />
  <meta name='ocr-system' content='tesseract 3.04.00' />
  <meta name='ocr-capabilities' content='ocr_page ocr_carea ocr_par ocr_line ocrx_word'/>
</head>
<body>
  <div class='ocr_page' id='page_1' title='image "./scholiaterentian00schluoft_0067.png"; bbox 0 0 1681 2576; ppageno 0'>
   <div class='ocr_carea' id='block_1_1' title="bbox 629 86 1473 128">
    <p class='ocr_par' dir='ltr' id='par_1_1' title="bbox 629 86 1473 128">
     <span class='ocr_line' id='line_1_1' title="bbox 629 86 1473 128; baseline 0 -8"><span class='ocrx_word' id='word_1_1' title='bbox 629 90 658 121; x_wconf 91' lang='lat'>1.</span> <span class='ocrx_word' id='word_1_2' title='bbox 697 87 756 120; x_wconf 85' lang='lat' dir='ltr'>Ad</span> <span class='ocrx_word' id='word_1_3' title='bbox 780 86 969 121; x_wconf 83' lang='lat' dir='ltr'><strong>Andriam.</strong></span> <span class='ocrx_word' id='word_1_4' title='bbox 1417 87 1473 128; x_wconf 76' lang='lat'>55</span> 
     </span>
    </p>
   </div>
   <div class='ocr_carea' id='block_1_2' title="bbox 110 195 1541 2186">
    <p class='ocr_par' dir='ltr' id='par_1_2' title="bbox 127 195 1472 306">
     <span class='ocr_line' id='line_1_2' title="bbox 220 195 1472 249; baseline 0 -14"><span class='ocrx_word' id='word_1_5' title='bbox 220 197 336 235; x_wconf 90' lang='lat' dir='ltr'>Andr.</span> <span class='ocrx_word' id='word_1_6' title='bbox 358 197 403 249; x_wconf 85' lang='lat' dir='ltr'>II,</span> <span class='ocrx_word' id='word_1_7' title='bbox 426 196 461 248; x_wconf 84' lang='lat'>1,</span> <span class='ocrx_word' id='word_1_8' title='bbox 484 195 536 236; x_wconf 83' lang='lat'>12</span> <span class='ocrx_word' id='word_1_9' title='bbox 560 199 655 236; x_wconf 73' lang='lat' dir='ltr'>hale</span> <span class='ocrx_word' id='word_1_10' title='bbox 674 196 924 246; x_wconf 72' lang='lat' dir='ltr'>supplicabo]</span> <span class='ocrx_word' id='word_1_11' title='bbox 953 198 1042 247; x_wconf 84' lang='lat' dir='ltr'>quia</span> <span class='ocrx_word' id='word_1_12' title='bbox 1070 196 1246 247; x_wconf 83' lang='lat' dir='ltr'>supplico</span> <span class='ocrx_word' id='word_1_13' title='bbox 1273 196 1345 235; x_wconf 84' lang='lat' dir='ltr'>tibi</span> <span class='ocrx_word' id='word_1_14' title='bbox 1372 202 1407 235; x_wconf 90' lang='lat' dir='ltr'>et</span> <span class='ocrx_word' id='word_1_15' title='bbox 1435 202 1472 235; x_wconf 85' lang='lat' dir='ltr'>te</span> 
     </span>
     <span class='ocr_line' id='line_1_3' title="bbox 127 254 1470 306; baseline 0.001 -12"><span class='ocrx_word' id='word_1_16' title='bbox 127 256 272 294; x_wconf 86' lang='lat' dir='ltr'>dicitur</span> <span class='ocrx_word' id='word_1_17' title='bbox 299 256 514 294; x_wconf 88' lang='lat' dir='ltr'>secundum</span> <span class='ocrx_word' id='word_1_18' title='bbox 534 255 777 293; x_wconf 86' lang='lat' dir='ltr'>Priscianum</span> <span class='ocrx_word' id='word_1_19' title='bbox 804 255 850 293; x_wconf 86' lang='lat' dir='ltr'>de</span> <span class='ocrx_word' id='word_1_20' title='bbox 873 257 1164 293; x_wconf 86' lang='lat' dir='ltr'>constructione</span> <span class='ocrx_word' id='word_1_21' title='bbox 1190 255 1252 306; x_wconf 82' lang='lat'><em>[11‚</em></span> <span class='ocrx_word' id='word_1_22' title='bbox 1275 254 1390 305; x_wconf 65' lang='lat'>276]</span> <span class='ocrx_word' id='word_1_23' title='bbox 1424 257 1470 295; x_wconf 80' lang='lat' dir='ltr'>D.</span> 
     </span>
    </p>

    <p class='ocr_par' dir='ltr' id='par_1_3' title="bbox 110 313 1541 540">
     <span class='ocr_line' id='line_1_4' title="bbox 110 313 1470 366; baseline -0.001 -13"><span class='ocrx_word' id='word_1_24' title='bbox 110 361 112 363; x_wconf 21' lang='grc' dir='ltr'>Ι</span> <span class='ocrx_word' id='word_1_25' title='bbox 218 337 271 341; x_wconf 83' lang='grc'>-</span> <span class='ocrx_word' id='word_1_26' title='bbox 304 314 348 366; x_wconf 89' lang='grc' dir='ltr'>ΙΙ,</span> <span class='ocrx_word' id='word_1_27' title='bbox 370 314 407 366; x_wconf 98' lang='grc'>2,</span> <span class='ocrx_word' id='word_1_28' title='bbox 428 313 452 352; x_wconf 91' lang='grc'>2</span> <span class='ocrx_word' id='word_1_29' title='bbox 480 313 704 363; x_wconf 73' lang='lat' dir='ltr'>ulmetum]</span> <span class='ocrx_word' id='word_1_30' title='bbox 739 313 834 351; x_wconf 86' lang='lat' dir='ltr'>ordo</span> <span class='ocrx_word' id='word_1_31' title='bbox 862 315 968 351; x_wconf 90' lang='lat' dir='ltr'>enim</span> <span class='ocrx_word' id='word_1_32' title='bbox 1000 314 1188 352; x_wconf 87' lang='lat' dir='ltr'>naturalis</span> <span class='ocrx_word' id='word_1_33' title='bbox 1219 319 1278 352; x_wconf 88' lang='lat' dir='ltr'>est</span> <span class='ocrx_word' id='word_1_34' title='bbox 1304 314 1470 352; x_wconf 69' lang='lat' dir='ltr'>avellere</span> 
     </span>
     <span class='ocr_line' id='line_1_5' title="bbox 128 372 1469 423; baseline -0.001 -12"><span class='ocrx_word' id='word_1_35' title='bbox 128 373 369 411; x_wconf 79' lang='lat' dir='ltr'>inhaerentia</span> <span class='ocrx_word' id='word_1_36' title='bbox 417 378 454 411; x_wconf 88' lang='lat' dir='ltr'>et</span> <span class='ocrx_word' id='word_1_37' title='bbox 498 377 587 423; x_wconf 89' lang='lat' dir='ltr'>post</span> <span class='ocrx_word' id='word_1_38' title='bbox 632 384 729 410; x_wconf 81' lang='lat' dir='ltr'>nova</span> <span class='ocrx_word' id='word_1_39' title='bbox 771 372 935 423; x_wconf 87' lang='lat' dir='ltr'>inferre,</span> <span class='ocrx_word' id='word_1_40' title='bbox 978 378 1019 411; x_wconf 88' lang='lat' dir='ltr'>ut</span> <span class='ocrx_word' id='word_1_41' title='bbox 1061 372 1264 423; x_wconf 65' lang='lat' dir='ltr'>Virgilius:</span> <span class='ocrx_word' id='word_1_42' title='bbox 1315 373 1469 411; x_wconf 82' lang='lat' dir='ltr'>abolere</span> 
     </span>
     <span class='ocr_line' id='line_1_6' title="bbox 129 431 1541 482; baseline 0.001 -12"><span class='ocrx_word' id='word_1_43' title='bbox 129 432 334 470; x_wconf 85' lang='lat' dir='ltr'>Sichaeum</span> <span class='ocrx_word' id='word_1_44' title='bbox 382 432 539 482; x_wconf 75' lang='lat' dir='ltr'>incipit,</span> <span class='ocrx_word' id='word_1_45' title='bbox 583 432 623 468; x_wconf 94' lang='lat' dir='ltr'>in</span> <span class='ocrx_word' id='word_1_46' title='bbox 667 432 794 481; x_wconf 88' lang='lat' dir='ltr'>primo</span> <span class='ocrx_word' id='word_1_47' title='bbox 832 431 990 469; x_wconf 83' lang='lat' dir='ltr'>Aeneid.</span> <span class='ocrx_word' id='word_1_48' title='bbox 1036 431 1251 470; x_wconf 87' lang='lat' dir='ltr'>secundum</span> <span class='ocrx_word' id='word_1_49' title='bbox 1292 431 1470 470; x_wconf 75' lang='lat' dir='ltr'>Servium</span> <span class='ocrx_word' id='word_1_50' title='bbox 1521 440 1541 471; x_wconf 90' lang='lat'>5</span> 
     </span>
     <span class='ocr_line' id='line_1_7' title="bbox 128 488 358 540; baseline -0.004 -11"><span class='ocrx_word' id='word_1_51' title='bbox 128 488 265 540; x_wconf 67' lang='lat'>[720]</span> <span class='ocrx_word' id='word_1_52' title='bbox 310 491 358 528; x_wconf 78' lang='lat' dir='ltr'>D.</span> 
     </span>
    </p>

    <p class='ocr_par' dir='ltr' id='par_1_4' title="bbox 128 545 1469 659">
     <span class='ocr_line' id='line_1_8' title="bbox 216 545 1469 600; baseline 0 -14"><span class='ocrx_word' id='word_1_53' title='bbox 216 571 269 574; x_wconf 87' lang='lat'>——</span> <span class='ocrx_word' id='word_1_54' title='bbox 290 548 335 600; x_wconf 88' lang='grc' dir='ltr'>ΙΙ,</span> <span class='ocrx_word' id='word_1_55' title='bbox 357 547 394 600; x_wconf 91' lang='grc'>2,</span> <span class='ocrx_word' id='word_1_56' title='bbox 415 545 471 586; x_wconf 81' lang='grc'>24</span> <span class='ocrx_word' id='word_1_57' title='bbox 502 548 723 598; x_wconf 78' lang='lat' dir='ltr'>Chremem]</span> <span class='ocrx_word' id='word_1_58' title='bbox 758 548 944 587; x_wconf 79' lang='lat' dir='ltr'>Chremes</span> <span class='ocrx_word' id='word_1_59' title='bbox 972 548 1191 588; x_wconf 77' lang='lat' dir='ltr'>Chremetis</span> <span class='ocrx_word' id='word_1_60' title='bbox 1218 554 1255 587; x_wconf 88' lang='lat' dir='ltr'>et</span> <span class='ocrx_word' id='word_1_61' title='bbox 1283 548 1469 587; x_wconf 79' lang='lat' dir='ltr'>Chremes</span> 
     </span>
     <span class='ocr_line' id='line_1_9' title="bbox 128 605 932 659; baseline 0.002 -15"><span class='ocrx_word' id='word_1_62' title='bbox 128 607 306 645; x_wconf 87' lang='lat' dir='ltr'>Chremis</span> <span class='ocrx_word' id='word_1_63' title='bbox 339 607 484 646; x_wconf 84' lang='lat' dir='ltr'>dicitur</span> <span class='ocrx_word' id='word_1_64' title='bbox 517 606 655 657; x_wconf 80' lang='lat' dir='ltr'>[Prisc.</span> <span class='ocrx_word' id='word_1_65' title='bbox 676 607 703 659; x_wconf 91' lang='lat' dir='ltr'>I,</span> <span class='ocrx_word' id='word_1_66' title='bbox 725 605 840 657; x_wconf 66' lang='lat'>244]</span> <span class='ocrx_word' id='word_1_67' title='bbox 885 609 932 646; x_wconf 79' lang='lat' dir='ltr'>D.</span> 
     </span>
    </p>

    <p class='ocr_par' dir='ltr' id='par_1_5' title="bbox 123 664 1540 953">
     <span class='ocr_line' id='line_1_10' title="bbox 214 664 1469 719; baseline 0 -16"><span class='ocrx_word' id='word_1_68' title='bbox 214 688 268 692; x_wconf 87' lang='lat'>—</span> <span class='ocrx_word' id='word_1_69' title='bbox 301 665 346 717; x_wconf 92' lang='lat' dir='ltr'>II,</span> <span class='ocrx_word' id='word_1_70' title='bbox 368 664 405 718; x_wconf 94' lang='grc'>2,</span> <span class='ocrx_word' id='word_1_71' title='bbox 427 664 481 705; x_wconf 81' lang='grc'>28</span> <span class='ocrx_word' id='word_1_72' title='bbox 509 668 612 705; x_wconf 75' lang='lat' dir='ltr'>m&#39;lze&#39;l</span> <span class='ocrx_word' id='word_1_73' title='bbox 640 669 786 719; x_wconf 73' lang='lat' dir='ltr'>ornati,</span> <span class='ocrx_word' id='word_1_74' title='bbox 818 668 922 705; x_wconf 74' lang='lat' dir='ltr'>m‘he&#39;l</span> <span class='ocrx_word' id='word_1_75' title='bbox 951 665 1124 715; x_wconf 75' lang='lat' dir='ltr'>tumulti]</span> <span class='ocrx_word' id='word_1_76' title='bbox 1154 667 1280 704; x_wconf 88' lang='lat' dir='ltr'>ornati</span> <span class='ocrx_word' id='word_1_77' title='bbox 1312 666 1469 704; x_wconf 81' lang='lat' dir='ltr'>tumulti</span> 
     </span>
     <span class='ocr_line' id='line_1_11' title="bbox 125 724 1540 775; baseline 0.001 -13"><span class='ocrx_word' id='word_1_78' title='bbox 125 736 195 775; x_wconf 87' lang='lat' dir='ltr'>pro</span> <span class='ocrx_word' id='word_1_79' title='bbox 229 729 388 763; x_wconf 87' lang='lat' dir='ltr'>ornatus</span> <span class='ocrx_word' id='word_1_80' title='bbox 420 724 610 763; x_wconf 87' lang='lat' dir='ltr'>tumultus</span> <span class='ocrx_word' id='word_1_81' title='bbox 642 727 813 775; x_wconf 86' lang='lat' dir='ltr'>positum</span> <span class='ocrx_word' id='word_1_82' title='bbox 841 737 927 763; x_wconf 83' lang='lat' dir='ltr'>esse</span> <span class='ocrx_word' id='word_1_83' title='bbox 954 725 1178 763; x_wconf 77' lang='lat' dir='ltr'>Priscianus</span> <span class='ocrx_word' id='word_1_84' title='bbox 1211 725 1375 762; x_wconf 84' lang='lat' dir='ltr'>affirmat</span> <span class='ocrx_word' id='word_1_85' title='bbox 1408 725 1468 762; x_wconf 79' lang='lat' dir='ltr'>his</span> <span class='ocrx_word' id='word_1_86' title='bbox 1498 734 1540 764; x_wconf 90' lang='lat'>10</span> 
     </span>
     <span class='ocr_line' id='line_1_12' title="bbox 124 783 1469 834; baseline 0 -13"><span class='ocrx_word' id='word_1_87' title='bbox 124 783 253 821; x_wconf 76' lang='lat' dir='ltr'>verbis</span> <span class='ocrx_word' id='word_1_88' title='bbox 294 785 334 821; x_wconf 90' lang='lat' dir='ltr'>in</span> <span class='ocrx_word' id='word_1_89' title='bbox 375 785 492 821; x_wconf 83' lang='lat' dir='ltr'>tertio</span> <span class='ocrx_word' id='word_1_90' title='bbox 535 783 634 821; x_wconf 86' lang='lat' dir='ltr'>libro</span> <span class='ocrx_word' id='word_1_91' title='bbox 676 785 864 822; x_wconf 90' lang='lat' dir='ltr'>nominis:</span> <span class='ocrx_word' id='word_1_92' title='bbox 908 785 1161 822; x_wconf 69' lang='lat' dir='ltr'>inveniuntur</span> <span class='ocrx_word' id='word_1_93' title='bbox 1203 784 1469 834; x_wconf 74' lang='lat' dir='ltr'>antiquissimi</span> 
     </span>
     <span class='ocr_line' id='line_1_13' title="bbox 123 841 1467 893; baseline 0.001 -14"><span class='ocrx_word' id='word_1_94' title='bbox 123 841 243 880; x_wconf 88' lang='lat' dir='ltr'>multa</span> <span class='ocrx_word' id='word_1_95' title='bbox 281 843 322 880; x_wconf 93' lang='lat' dir='ltr'>in</span> <span class='ocrx_word' id='word_1_96' title='bbox 357 844 535 893; x_wconf 74' lang='lat' dir='ltr'>genetivo</span> <span class='ocrx_word' id='word_1_97' title='bbox 569 843 609 880; x_wconf 91' lang='lat' dir='ltr'>in</span> <span class='ocrx_word' id='word_1_98' title='bbox 642 844 654 880; x_wconf 93' lang='lat' dir='ltr'>i</span> <span class='ocrx_word' id='word_1_99' title='bbox 686 844 936 893; x_wconf 74' lang='lat' dir='ltr'>terminasse,</span> <span class='ocrx_word' id='word_1_100' title='bbox 976 855 1073 893; x_wconf 80' lang='lat' dir='ltr'>quae</span> <span class='ocrx_word' id='word_1_101' title='bbox 1106 844 1146 880; x_wconf 90' lang='lat' dir='ltr'>in</span> <span class='ocrx_word' id='word_1_102' title='bbox 1178 855 1224 880; x_wconf 87' lang='lat' dir='ltr'>us</span> <span class='ocrx_word' id='word_1_103' title='bbox 1256 844 1467 880; x_wconf 77' lang='lat' dir='ltr'>terminare</span> 
     </span>
     <span class='ocr_line' id='line_1_14' title="bbox 124 899 1466 953; baseline 0.001 -15"><span class='ocrx_word' id='word_1_104' title='bbox 124 899 291 939; x_wconf 86' lang='lat' dir='ltr'>debeant</span> <span class='ocrx_word' id='word_1_105' title='bbox 304 901 488 939; x_wconf 86' lang='lat' dir='ltr'>Terentio</span> <span class='ocrx_word' id='word_1_106' title='bbox 509 906 608 939; x_wconf 86' lang='lat' dir='ltr'>teste</span> <span class='ocrx_word' id='word_1_107' title='bbox 629 902 669 939; x_wconf 92' lang='lat' dir='ltr'>in</span> <span class='ocrx_word' id='word_1_108' title='bbox 683 901 840 953; x_wconf 82' lang='lat' dir='ltr'>Andria,</span> <span class='ocrx_word' id='word_1_109' title='bbox 861 903 928 952; x_wconf 86' lang='lat' dir='ltr'>qui</span> <span class='ocrx_word' id='word_1_110' title='bbox 948 901 1021 940; x_wconf 91' lang='lat' dir='ltr'>hoc</span> <span class='ocrx_word' id='word_1_111' title='bbox 1042 900 1205 952; x_wconf 87' lang='lat' dir='ltr'>protulit</span> <span class='ocrx_word' id='word_1_112' title='bbox 1221 899 1393 953; x_wconf 62' lang='lat'><strong>[17257]</strong></span> <span class='ocrx_word' id='word_1_113' title='bbox 1425 902 1466 940; x_wconf 83' lang='lat' dir='ltr'>G.</span> 
     </span>
    </p>

    <p class='ocr_par' dir='ltr' id='par_1_6' title="bbox 121 958 1539 1362">
     <span class='ocr_line' id='line_1_15' title="bbox 212 958 1467 1011; baseline 0 -14"><span class='ocrx_word' id='word_1_114' title='bbox 212 982 266 986; x_wconf 88' lang='lat'>-—</span> <span class='ocrx_word' id='word_1_115' title='bbox 293 959 338 1011; x_wconf 93' lang='grc' dir='ltr'>ΙΙ,</span> <span class='ocrx_word' id='word_1_116' title='bbox 359 958 397 1011; x_wconf 81' lang='lat'>3,</span> <span class='ocrx_word' id='word_1_117' title='bbox 419 958 473 998; x_wconf 83' lang='grc'>29</span> <span class='ocrx_word' id='word_1_118' title='bbox 501 973 599 999; x_wconf 71' lang='lat' dir='ltr'>care</span> <span class='ocrx_word' id='word_1_119' title='bbox 625 966 662 999; x_wconf 76' lang='lat' dir='ltr'>te</span> <span class='ocrx_word' id='word_1_120' title='bbox 688 973 772 999; x_wconf 79' lang='lat' dir='ltr'>esse</span> <span class='ocrx_word' id='word_1_121' title='bbox 798 963 948 999; x_wconf 72' lang='lat' dir='ltr'>tristem</span> <span class='ocrx_word' id='word_1_122' title='bbox 975 959 1138 1009; x_wconf 70' lang='lat' dir='ltr'>sentim]</span> <span class='ocrx_word' id='word_1_123' title='bbox 1160 961 1302 998; x_wconf 87' lang='lat' dir='ltr'>usitata</span> <span class='ocrx_word' id='word_1_124' title='bbox 1323 959 1467 998; x_wconf 87' lang='lat' dir='ltr'>locutio</span> 
     </span>
     <span class='ocr_line' id='line_1_16' title="bbox 125 1018 1539 1070; baseline 0.001 -14"><span class='ocrx_word' id='word_1_125' title='bbox 125 1018 226 1068; x_wconf 84' lang='lat' dir='ltr'>apud</span> <span class='ocrx_word' id='word_1_126' title='bbox 260 1050 444 1056; x_wconf 92' lang='grc'><strong><em>.......</em></strong></span> <span class='ocrx_word' id='word_1_127' title='bbox 479 1024 517 1057; x_wconf 90' lang='lat' dir='ltr'>et</span> <span class='ocrx_word' id='word_1_128' title='bbox 548 1019 711 1057; x_wconf 86' lang='lat' dir='ltr'>honesta</span> <span class='ocrx_word' id='word_1_129' title='bbox 743 1031 813 1070; x_wconf 89' lang='lat' dir='ltr'>pro</span> <span class='ocrx_word' id='word_1_130' title='bbox 847 1031 904 1070; x_wconf 89' lang='lat' dir='ltr'>eo,</span> <span class='ocrx_word' id='word_1_131' title='bbox 939 1019 1040 1070; x_wconf 84' lang='lat' dir='ltr'>quod</span> <span class='ocrx_word' id='word_1_132' title='bbox 1075 1024 1133 1057; x_wconf 86' lang='lat' dir='ltr'>est</span> <span class='ocrx_word' id='word_1_133' title='bbox 1165 1031 1213 1057; x_wconf 86' lang='lat' dir='ltr'>ne</span> <span class='ocrx_word' id='word_1_134' title='bbox 1247 1020 1301 1056; x_wconf 90' lang='lat' dir='ltr'>sis</span> <span class='ocrx_word' id='word_1_135' title='bbox 1330 1020 1468 1069; x_wconf 82' lang='lat' dir='ltr'>tristis,</span> <span class='ocrx_word' id='word_1_136' title='bbox 1497 1026 1539 1057; x_wconf 91' lang='lat'>15</span> 
     </span>
     <span class='ocr_line' id='line_1_17' title="bbox 122 1076 1467 1116; baseline 0.001 -2"><span class='ocrx_word' id='word_1_137' title='bbox 122 1076 214 1115; x_wconf 88' lang='lat' dir='ltr'>licet</span> <span class='ocrx_word' id='word_1_138' title='bbox 245 1077 360 1114; x_wconf 89' lang='lat' dir='ltr'>modo</span> <span class='ocrx_word' id='word_1_139' title='bbox 394 1077 506 1115; x_wconf 90' lang='lat' dir='ltr'>aliter</span> <span class='ocrx_word' id='word_1_140' title='bbox 544 1077 732 1116; x_wconf 81' lang='lat' dir='ltr'>habeatur</span> <span class='ocrx_word' id='word_1_141' title='bbox 764 1079 804 1115; x_wconf 89' lang='lat' dir='ltr'>in</span> <span class='ocrx_word' id='word_1_142' title='bbox 835 1090 920 1116; x_wconf 87' lang='lat' dir='ltr'>usu.</span> <span class='ocrx_word' id='word_1_143' title='bbox 978 1077 1128 1116; x_wconf 83' lang='lat' dir='ltr'>Dicitur</span> <span class='ocrx_word' id='word_1_144' title='bbox 1159 1079 1263 1115; x_wconf 89' lang='lat' dir='ltr'>enim</span> <span class='ocrx_word' id='word_1_145' title='bbox 1297 1089 1386 1115; x_wconf 83' lang='lat' dir='ltr'>cave</span> <span class='ocrx_word' id='word_1_146' title='bbox 1419 1090 1467 1116; x_wconf 88' lang='lat' dir='ltr'>ne</span> 
     </span>
     <span class='ocr_line' id='line_1_18' title="bbox 121 1136 1468 1187; baseline 0.001 -14"><span class='ocrx_word' id='word_1_147' title='bbox 121 1136 240 1173; x_wconf 86' lang='lat' dir='ltr'>facias</span> <span class='ocrx_word' id='word_1_148' title='bbox 265 1147 337 1186; x_wconf 89' lang='lat' dir='ltr'>pro</span> <span class='ocrx_word' id='word_1_149' title='bbox 364 1148 422 1187; x_wconf 84' lang='lat' dir='ltr'>ec,</span> <span class='ocrx_word' id='word_1_150' title='bbox 455 1136 557 1186; x_wconf 83' lang='lat' dir='ltr'>quod</span> <span class='ocrx_word' id='word_1_151' title='bbox 584 1142 688 1174; x_wconf 86' lang='lat' dir='ltr'>esset</span> <span class='ocrx_word' id='word_1_152' title='bbox 715 1136 924 1174; x_wconf 87' lang='lat' dir='ltr'>dicendum</span> <span class='ocrx_word' id='word_1_153' title='bbox 952 1149 1041 1174; x_wconf 68' lang='lat' dir='ltr'>cave</span> <span class='ocrx_word' id='word_1_154' title='bbox 1075 1137 1203 1174; x_wconf 86' lang='lat' dir='ltr'>facias.</span> <span class='ocrx_word' id='word_1_155' title='bbox 1245 1148 1334 1174; x_wconf 75' lang='lat' dir='ltr'>cave</span> <span class='ocrx_word' id='word_1_156' title='bbox 1364 1137 1468 1174; x_wconf 86' lang='lat' dir='ltr'>euim</span> 
     </span>
     <span class='ocr_line' id='line_1_19' title="bbox 121 1190 1468 1248; baseline 0.001 -17"><span class='ocrx_word' id='word_1_157' title='bbox 121 1195 343 1244; x_wconf 81' lang='lat' dir='ltr'>negativum</span> <span class='ocrx_word' id='word_1_158' title='bbox 377 1200 435 1232; x_wconf 87' lang='lat' dir='ltr'>est</span> <span class='ocrx_word' id='word_1_159' title='bbox 467 1200 566 1233; x_wconf 89' lang='lat' dir='ltr'>teste</span> <span class='ocrx_word' id='word_1_160' title='bbox 598 1195 732 1233; x_wconf 82' lang='lat' dir='ltr'>Servio</span> <span class='ocrx_word' id='word_1_161' title='bbox 766 1194 1048 1246; x_wconf 68' lang='lat' dir='ltr'>[Ve1·g-.G001·g.</span> <span class='ocrx_word' id='word_1_162' title='bbox 1070 1195 1097 1246; x_wconf 82' lang='lat' dir='ltr'>I,</span> <span class='ocrx_word' id='word_1_163' title='bbox 1119 1190 1206 1248; x_wconf 77' lang='lat'>96).</span> <span class='ocrx_word' id='word_1_164' title='bbox 1250 1195 1350 1233; x_wconf 80' lang='lat' dir='ltr'>unde</span> <span class='ocrx_word' id='word_1_165' title='bbox 1379 1208 1468 1233; x_wconf 72' lang='lat' dir='ltr'>curn</span> 
     </span>
     <span class='ocr_line' id='line_1_20' title="bbox 121 1253 1465 1305; baseline 0.001 -15"><span class='ocrx_word' id='word_1_166' title='bbox 121 1253 287 1291; x_wconf 81' lang='lat' dir='ltr'>dicimus</span> <span class='ocrx_word' id='word_1_167' title='bbox 314 1265 404 1291; x_wconf 76' lang='lat' dir='ltr'>cave</span> <span class='ocrx_word' id='word_1_168' title='bbox 431 1265 479 1291; x_wconf 90' lang='lat' dir='ltr'>ne</span> <span class='ocrx_word' id='word_1_169' title='bbox 512 1254 643 1305; x_wconf 85' lang='lat' dir='ltr'>facias,</span> <span class='ocrx_word' id='word_1_170' title='bbox 674 1254 888 1305; x_wconf 89' lang='lat' dir='ltr'>hortamur,</span> <span class='ocrx_word' id='word_1_171' title='bbox 922 1259 963 1291; x_wconf 87' lang='lat' dir='ltr'>ut</span> <span class='ocrx_word' id='word_1_172' title='bbox 996 1254 1125 1304; x_wconf 85' lang='lat' dir='ltr'>facias,</span> <span class='ocrx_word' id='word_1_173' title='bbox 1159 1255 1342 1304; x_wconf 82' lang='lat' dir='ltr'>quoniam</span> <span class='ocrx_word' id='word_1_174' title='bbox 1376 1267 1465 1292; x_wconf 66' lang='lat' dir='ltr'>cave</span> 
     </span>
     <span class='ocr_line' id='line_1_21' title="bbox 121 1312 1538 1362; baseline 0.001 -13"><span class='ocrx_word' id='word_1_175' title='bbox 121 1317 157 1349; x_wconf 91' lang='lat' dir='ltr'>et</span> <span class='ocrx_word' id='word_1_176' title='bbox 190 1324 238 1350; x_wconf 90' lang='lat' dir='ltr'>ne</span> <span class='ocrx_word' id='word_1_177' title='bbox 271 1312 347 1350; x_wconf 85' lang='lat' dir='ltr'>duo</span> <span class='ocrx_word' id='word_1_178' title='bbox 380 1313 557 1362; x_wconf 76' lang='lat' dir='ltr'>negativa</span> <span class='ocrx_word' id='word_1_179' title='bbox 590 1313 736 1351; x_wconf 85' lang='lat' dir='ltr'>faciunt</span> <span class='ocrx_word' id='word_1_180' title='bbox 767 1325 890 1351; x_wconf 89' lang='lat' dir='ltr'>unum</span> <span class='ocrx_word' id='word_1_181' title='bbox 922 1313 1218 1350; x_wconf 77' lang='lat' dir='ltr'>adfirmativum.</span> <span class='ocrx_word' id='word_1_182' title='bbox 1270 1314 1308 1351; x_wconf 80' lang='lat' dir='ltr'>C.</span> <span class='ocrx_word' id='word_1_183' title='bbox 1494 1320 1538 1350; x_wconf 78' lang='lat'>20</span> 
     </span>
    </p>

    <p class='ocr_par' dir='ltr' id='par_1_7' title="bbox 120 1365 1467 1540">
     <span class='ocr_line' id='line_1_22' title="bbox 210 1365 1466 1423; baseline 0.001 -15"><span class='ocrx_word' id='word_1_184' title='bbox 210 1365 264 1397; x_wconf 61' lang='lat'>&#39;—</span> <span class='ocrx_word' id='word_1_185' title='bbox 297 1370 341 1422; x_wconf 85' lang='lat' dir='ltr'>II,</span> <span class='ocrx_word' id='word_1_186' title='bbox 368 1370 406 1423; x_wconf 87' lang='grc'>6,</span> <span class='ocrx_word' id='word_1_187' title='bbox 434 1368 490 1409; x_wconf 82' lang='grc'>24</span> <span class='ocrx_word' id='word_1_188' title='bbox 522 1370 744 1421; x_wconf 77' lang='lat' dir='ltr'>perparce]</span> <span class='ocrx_word' id='word_1_189' title='bbox 778 1383 823 1409; x_wconf 84' lang='lat' dir='ltr'>ex</span> <span class='ocrx_word' id='word_1_190' title='bbox 857 1384 1024 1422; x_wconf 88' lang='lat' dir='ltr'>persona</span> <span class='ocrx_word' id='word_1_191' title='bbox 1058 1371 1167 1409; x_wconf 75' lang='lat' dir='ltr'>Dari:</span> <span class='ocrx_word' id='word_1_192' title='bbox 1208 1370 1317 1409; x_wconf 76' lang='lat' dir='ltr'>valde</span> <span class='ocrx_word' id='word_1_193' title='bbox 1350 1383 1466 1422; x_wconf 87' lang='lat' dir='ltr'>parce</span> 
     </span>
     <span class='ocr_line' id='line_1_23' title="bbox 120 1429 1467 1481; baseline 0.001 -14"><span class='ocrx_word' id='word_1_194' title='bbox 120 1430 278 1480; x_wconf 85' lang='lat' dir='ltr'>parasti,</span> <span class='ocrx_word' id='word_1_195' title='bbox 309 1429 369 1467; x_wconf 75' lang='lat' dir='ltr'>vel</span> <span class='ocrx_word' id='word_1_196' title='bbox 400 1430 576 1480; x_wconf 84' lang='lat' dir='ltr'>profecto</span> <span class='ocrx_word' id='word_1_197' title='bbox 611 1431 922 1468; x_wconf 78' lang='lat' dir='ltr'>confirmativum</span> <span class='ocrx_word' id='word_1_198' title='bbox 955 1430 1182 1468; x_wconf 66' lang='lat' dir='ltr'>adverbium</span> <span class='ocrx_word' id='word_1_199' title='bbox 1215 1436 1273 1468; x_wconf 89' lang='lat' dir='ltr'>est</span> <span class='ocrx_word' id='word_1_200' title='bbox 1306 1442 1377 1481; x_wconf 88' lang='lat' dir='ltr'>per</span> <span class='ocrx_word' id='word_1_201' title='bbox 1408 1442 1467 1468; x_wconf 88' lang='lat' dir='ltr'>se-</span> 
     </span>
     <span class='ocr_line' id='line_1_24' title="bbox 122 1486 865 1540; baseline 0.003 -15"><span class='ocrx_word' id='word_1_202' title='bbox 122 1487 293 1526; x_wconf 88' lang='lat' dir='ltr'>cundum</span> <span class='ocrx_word' id='word_1_203' title='bbox 325 1487 571 1526; x_wconf 75' lang='lat' dir='ltr'>priscianum</span> <span class='ocrx_word' id='word_1_204' title='bbox 605 1488 667 1540; x_wconf 88' lang='grc' dir='ltr'>[ΙΙ,</span> <span class='ocrx_word' id='word_1_205' title='bbox 689 1486 774 1538; x_wconf 78' lang='grc'><strong>85].</strong></span> <span class='ocrx_word' id='word_1_206' title='bbox 819 1490 865 1527; x_wconf 83' lang='lat' dir='ltr'>D.</span> 
     </span>
    </p>

    <p class='ocr_par' dir='ltr' id='par_1_8' title="bbox 120 1545 1538 1716">
     <span class='ocr_line' id='line_1_25' title="bbox 210 1545 1467 1598; baseline 0.001 -14"><span class='ocrx_word' id='word_1_207' title='bbox 210 1569 263 1573; x_wconf 97' lang='lat'><strong>—</strong></span> <span class='ocrx_word' id='word_1_208' title='bbox 296 1546 358 1598; x_wconf 93' lang='lat' dir='ltr'>III,</span> <span class='ocrx_word' id='word_1_209' title='bbox 385 1545 423 1598; x_wconf 89' lang='grc'>2,</span> <span class='ocrx_word' id='word_1_210' title='bbox 450 1546 475 1586; x_wconf 82' lang='grc'>6</span> <span class='ocrx_word' id='word_1_211' title='bbox 509 1560 587 1596; x_wconf 77' lang='lat' dir='ltr'>per</span> <span class='ocrx_word' id='word_1_212' title='bbox 620 1553 778 1586; x_wconf 78' lang='lat' dir='ltr'>ecastor</span> <span class='ocrx_word' id='word_1_213' title='bbox 809 1547 950 1597; x_wconf 69' lang='lat' dir='ltr'>scitus]</span> <span class='ocrx_word' id='word_1_214' title='bbox 991 1559 1061 1597; x_wconf 88' lang='lat' dir='ltr'>per</span> <span class='ocrx_word' id='word_1_215' title='bbox 1098 1560 1175 1585; x_wconf 85' lang='lat' dir='ltr'>non</span> <span class='ocrx_word' id='word_1_216' title='bbox 1215 1547 1277 1584; x_wconf 80' lang='lat' dir='ltr'>hic</span> <span class='ocrx_word' id='word_1_217' title='bbox 1312 1547 1467 1585; x_wconf 76' lang='lat' dir='ltr'>iurandi</span> 
     </span>
     <span class='ocr_line' id='line_1_26' title="bbox 121 1605 1538 1657; baseline 0.001 -14"><span class='ocrx_word' id='word_1_218' title='bbox 121 1606 197 1643; x_wconf 84' lang='lat' dir='ltr'>vim</span> <span class='ocrx_word' id='word_1_219' title='bbox 225 1605 384 1656; x_wconf 84' lang='lat' dir='ltr'>obtinet,</span> <span class='ocrx_word' id='word_1_220' title='bbox 412 1605 478 1644; x_wconf 79' lang='lat' dir='ltr'>sed</span> <span class='ocrx_word' id='word_1_221' title='bbox 502 1605 655 1656; x_wconf 84' lang='lat' dir='ltr'>quando</span> <span class='ocrx_word' id='word_1_222' title='bbox 676 1618 746 1656; x_wconf 90' lang='lat' dir='ltr'>pro</span> <span class='ocrx_word' id='word_1_223' title='bbox 768 1605 876 1643; x_wconf 72' lang='lat' dir='ltr'>valde</span> <span class='ocrx_word' id='word_1_224' title='bbox 899 1607 1100 1657; x_wconf 83' lang='lat' dir='ltr'>accipitur,</span> <span class='ocrx_word' id='word_1_225' title='bbox 1122 1605 1295 1643; x_wconf 73' lang='lat' dir='ltr'>adverbii</span> <span class='ocrx_word' id='word_1_226' title='bbox 1317 1606 1466 1644; x_wconf 86' lang='lat' dir='ltr'>obtinet</span> <span class='ocrx_word' id='word_1_227' title='bbox 1494 1614 1538 1644; x_wconf 80' lang='lat'>25</span> 
     </span>
     <span class='ocr_line' id='line_1_27' title="bbox 120 1663 1465 1716; baseline 0.001 -15"><span class='ocrx_word' id='word_1_228' title='bbox 120 1663 248 1703; x_wconf 86' lang='lat' dir='ltr'>locum</span> <span class='ocrx_word' id='word_1_229' title='bbox 281 1664 496 1702; x_wconf 81' lang='lat' dir='ltr'>secundum</span> <span class='ocrx_word' id='word_1_230' title='bbox 523 1664 766 1702; x_wconf 72' lang='lat' dir='ltr'>priscianum</span> <span class='ocrx_word' id='word_1_231' title='bbox 799 1664 845 1702; x_wconf 86' lang='lat' dir='ltr'>de</span> <span class='ocrx_word' id='word_1_232' title='bbox 879 1666 1169 1715; x_wconf 78' lang='lat' dir='ltr'>praepositione</span> <span class='ocrx_word' id='word_1_233' title='bbox 1204 1664 1266 1716; x_wconf 83' lang='lat'><em>[11‚</em></span> <span class='ocrx_word' id='word_1_234' title='bbox 1288 1663 1372 1714; x_wconf 73' lang='grc'>38].</span> <span class='ocrx_word' id='word_1_235' title='bbox 1419 1666 1465 1703; x_wconf 78' lang='lat' dir='ltr'>I).</span> 
     </span>
    </p>

    <p class='ocr_par' dir='ltr' id='par_1_9' title="bbox 119 1720 1467 1892">
     <span class='ocr_line' id='line_1_28' title="bbox 209 1720 1467 1775; baseline 0.002 -15"><span class='ocrx_word' id='word_1_236' title='bbox 209 1745 263 1749; x_wconf 91' lang='lat'>—</span> <span class='ocrx_word' id='word_1_237' title='bbox 291 1722 352 1775; x_wconf 87' lang='grc' dir='ltr'>ΙΙΙ,</span> <span class='ocrx_word' id='word_1_238' title='bbox 374 1722 411 1775; x_wconf 93' lang='grc'>2,</span> <span class='ocrx_word' id='word_1_239' title='bbox 433 1720 489 1761; x_wconf 83' lang='grc'>24</span> <span class='ocrx_word' id='word_1_240' title='bbox 515 1722 676 1773; x_wconf 77' lang='lat' dir='ltr'>occepi]</span> <span class='ocrx_word' id='word_1_241' title='bbox 703 1725 862 1774; x_wconf 78' lang='lat' dir='ltr'>occocpi</span> <span class='ocrx_word' id='word_1_242' title='bbox 888 1725 1145 1774; x_wconf 82' lang='lat' dir='ltr'>praeteritum</span> <span class='ocrx_word' id='word_1_243' title='bbox 1171 1735 1241 1774; x_wconf 88' lang='lat' dir='ltr'>pro</span> <span class='ocrx_word' id='word_1_244' title='bbox 1268 1726 1467 1774; x_wconf 81' lang='lat' dir='ltr'>praesenti</span> 
     </span>
     <span class='ocr_line' id='line_1_29' title="bbox 120 1781 1465 1834; baseline -0.001 -14"><span class='ocrx_word' id='word_1_245' title='bbox 120 1783 309 1833; x_wconf 86' lang='lat' dir='ltr'>accipitur</span> <span class='ocrx_word' id='word_1_246' title='bbox 347 1783 497 1832; x_wconf 84' lang='lat' dir='ltr'>occipio</span> <span class='ocrx_word' id='word_1_247' title='bbox 535 1781 595 1820; x_wconf 75' lang='lat' dir='ltr'>vel</span> <span class='ocrx_word' id='word_1_248' title='bbox 632 1794 703 1833; x_wconf 91' lang='lat' dir='ltr'>pro</span> <span class='ocrx_word' id='word_1_249' title='bbox 737 1782 868 1820; x_wconf 84' lang='lat' dir='ltr'>futuro</span> <span class='ocrx_word' id='word_1_250' title='bbox 908 1784 1114 1834; x_wconf 86' lang='lat' dir='ltr'>occipiam,</span> <span class='ocrx_word' id='word_1_251' title='bbox 1152 1783 1211 1820; x_wconf 89' lang='lat' dir='ltr'>uti</span> <span class='ocrx_word' id='word_1_252' title='bbox 1241 1781 1465 1821; x_wconf 77' lang='lat' dir='ltr'>Priscianus</span> 
     </span>
     <span class='ocr_line' id='line_1_30' title="bbox 119 1839 1187 1892; baseline 0.002 -14"><span class='ocrx_word' id='word_1_253' title='bbox 119 1842 246 1891; x_wconf 87' lang='lat' dir='ltr'>primo</span> <span class='ocrx_word' id='word_1_254' title='bbox 279 1840 379 1878; x_wconf 87' lang='lat' dir='ltr'>libro</span> <span class='ocrx_word' id='word_1_255' title='bbox 412 1842 718 1880; x_wconf 82' lang='lat' dir='ltr'>constructionis</span> <span class='ocrx_word' id='word_1_256' title='bbox 752 1841 865 1879; x_wconf 84' lang='lat' dir='ltr'>docet.</span> <span class='ocrx_word' id='word_1_257' title='bbox 898 1840 959 1892; x_wconf 84' lang='lat'><em>[11‚</em></span> <span class='ocrx_word' id='word_1_258' title='bbox 983 1839 1096 1891; x_wconf 65' lang='lat'>191]</span> <span class='ocrx_word' id='word_1_259' title='bbox 1146 1842 1187 1880; x_wconf 89' lang='lat' dir='ltr'>G.</span> 
     </span>
    </p>

    <p class='ocr_par' dir='ltr' id='par_1_10' title="bbox 119 1897 1537 2069">
     <span class='ocr_line' id='line_1_31' title="bbox 209 1897 1537 1952; baseline 0.001 -15"><span class='ocrx_word' id='word_1_260' title='bbox 209 1922 263 1926; x_wconf 79' lang='lat'>—-</span> <span class='ocrx_word' id='word_1_261' title='bbox 290 1897 412 1952; x_wconf 79' lang='lat'>111,5‚</span> <span class='ocrx_word' id='word_1_262' title='bbox 431 1897 459 1938; x_wconf 88' lang='lat'>4</span> <span class='ocrx_word' id='word_1_263' title='bbox 487 1899 680 1949; x_wconf 76' lang='lat' dir='ltr'>prelium]</span> <span class='ocrx_word' id='word_1_264' title='bbox 715 1899 753 1937; x_wconf 87' lang='lat' dir='ltr'>id</span> <span class='ocrx_word' id='word_1_265' title='bbox 781 1904 841 1938; x_wconf 86' lang='lat' dir='ltr'>est</span> <span class='ocrx_word' id='word_1_266' title='bbox 866 1911 1003 1951; x_wconf 87' lang='lat' dir='ltr'>poena,</span> <span class='ocrx_word' id='word_1_267' title='bbox 1036 1906 1078 1938; x_wconf 84' lang='lat' dir='ltr'>ut</span> <span class='ocrx_word' id='word_1_268' title='bbox 1100 1899 1283 1949; x_wconf 73' lang='lat' dir='ltr'>Virgilius</span> <span class='ocrx_word' id='word_1_269' title='bbox 1311 1901 1351 1938; x_wconf 91' lang='lat' dir='ltr'>in</span> <span class='ocrx_word' id='word_1_270' title='bbox 1372 1900 1464 1938; x_wconf 81' lang='lat' dir='ltr'>Aen.</span> <span class='ocrx_word' id='word_1_271' title='bbox 1492 1908 1537 1938; x_wconf 89' lang='lat'>30</span> 
     </span>
     <span class='ocr_line' id='line_1_32' title="bbox 121 1956 1465 2010; baseline 0.001 -15"><span class='ocrx_word' id='word_1_272' title='bbox 121 1957 201 2009; x_wconf 83' lang='lat' dir='ltr'>[IX,</span> <span class='ocrx_word' id='word_1_273' title='bbox 222 1956 343 2007; x_wconf 83' lang='lat'>230]:</span> <span class='ocrx_word' id='word_1_274' title='bbox 376 1970 459 1996; x_wconf 87' lang='lat' dir='ltr'>rem</span> <span class='ocrx_word' id='word_1_275' title='bbox 479 1970 658 2009; x_wconf 83' lang='lat' dir='ltr'>magnam</span> <span class='ocrx_word' id='word_1_276' title='bbox 681 1959 929 2009; x_wconf 84' lang='lat' dir='ltr'>pretiumque</span> <span class='ocrx_word' id='word_1_277' title='bbox 951 1970 1082 1997; x_wconf 87' lang='lat' dir='ltr'>morae</span> <span class='ocrx_word' id='word_1_278' title='bbox 1103 1959 1198 2010; x_wconf 79' lang='lat' dir='ltr'>sore,</span> <span class='ocrx_word' id='word_1_279' title='bbox 1225 1959 1336 1996; x_wconf 81' lang='lat' dir='ltr'>cuius</span> <span class='ocrx_word' id='word_1_280' title='bbox 1357 1970 1465 1996; x_wconf 82' lang='lat' dir='ltr'>mora</span> 
     </span>
     <span class='ocr_line' id='line_1_33' title="bbox 119 2017 1465 2069; baseline 0.001 -15"><span class='ocrx_word' id='word_1_281' title='bbox 119 2018 289 2067; x_wconf 85' lang='lat' dir='ltr'>pretium</span> <span class='ocrx_word' id='word_1_282' title='bbox 310 2022 443 2067; x_wconf 84' lang='lat' dir='ltr'>posset</span> <span class='ocrx_word' id='word_1_283' title='bbox 460 2017 612 2069; x_wconf 78' lang='lat' dir='ltr'>afferre,</span> <span class='ocrx_word' id='word_1_284' title='bbox 632 2017 670 2055; x_wconf 90' lang='lat' dir='ltr'>id</span> <span class='ocrx_word' id='word_1_285' title='bbox 696 2022 755 2055; x_wconf 89' lang='lat' dir='ltr'>est</span> <span class='ocrx_word' id='word_1_286' title='bbox 773 2029 939 2068; x_wconf 87' lang='lat' dir='ltr'>poenam</span> <span class='ocrx_word' id='word_1_287' title='bbox 959 2017 1173 2056; x_wconf 85' lang='lat' dir='ltr'>secundum</span> <span class='ocrx_word' id='word_1_288' title='bbox 1195 2017 1384 2055; x_wconf 76' lang='lat' dir='ltr'>Servium.</span> <span class='ocrx_word' id='word_1_289' title='bbox 1418 2018 1465 2056; x_wconf 88' lang='lat' dir='ltr'>D.</span> 
     </span>
    </p>

    <p class='ocr_par' dir='ltr' id='par_1_11' title="bbox 119 2073 1465 2186">
     <span class='ocr_line' id='line_1_34' title="bbox 209 2073 1465 2126; baseline 0.001 -14"><span class='ocrx_word' id='word_1_290' title='bbox 209 2097 263 2102; x_wconf 81' lang='lat'>-—</span> <span class='ocrx_word' id='word_1_291' title='bbox 290 2075 349 2126; x_wconf 84' lang='lat' dir='ltr'>IV,</span> <span class='ocrx_word' id='word_1_292' title='bbox 372 2073 408 2126; x_wconf 78' lang='lat'>1,</span> <span class='ocrx_word' id='word_1_293' title='bbox 431 2073 483 2115; x_wconf 82' lang='lat'>15</span> <span class='ocrx_word' id='word_1_294' title='bbox 511 2078 706 2115; x_wconf 76' lang='lat' dir='ltr'>adeamne</span> <span class='ocrx_word' id='word_1_295' title='bbox 732 2078 788 2115; x_wconf 82' lang='lat' dir='ltr'>ad</span> <span class='ocrx_word' id='word_1_296' title='bbox 805 2075 911 2126; x_wconf 78' lang='lat' dir='ltr'>eum]</span> <span class='ocrx_word' id='word_1_297' title='bbox 939 2075 1177 2114; x_wconf 82' lang='lat' dir='ltr'>Graecorum</span> <span class='ocrx_word' id='word_1_298' title='bbox 1204 2088 1311 2113; x_wconf 85' lang='lat' dir='ltr'>more</span> <span class='ocrx_word' id='word_1_299' title='bbox 1339 2075 1465 2126; x_wconf 82' lang='lat' dir='ltr'>dupli-</span> 
     </span>
     <span class='ocr_line' id='line_1_35' title="bbox 119 2133 1464 2186; baseline 0.001 -15"><span class='ocrx_word' id='word_1_300' title='bbox 119 2135 220 2172; x_wconf 74' lang='lat' dir='ltr'>cavit</span> <span class='ocrx_word' id='word_1_301' title='bbox 246 2136 588 2186; x_wconf 79' lang='lat' dir='ltr'>praepositionem,</span> <span class='ocrx_word' id='word_1_302' title='bbox 620 2140 662 2173; x_wconf 91' lang='lat' dir='ltr'>ut</span> <span class='ocrx_word' id='word_1_303' title='bbox 683 2133 820 2173; x_wconf 84' lang='lat' dir='ltr'>Cicero</span> <span class='ocrx_word' id='word_1_304' title='bbox 846 2136 886 2172; x_wconf 90' lang='lat' dir='ltr'>in</span> <span class='ocrx_word' id='word_1_305' title='bbox 911 2136 1190 2172; x_wconf 68' lang='lat' dir='ltr'>invectivarum</span> <span class='ocrx_word' id='word_1_306' title='bbox 1212 2134 1243 2172; x_wconf 86' lang='lat'>1:</span> <span class='ocrx_word' id='word_1_307' title='bbox 1277 2134 1464 2184; x_wconf 70' lang='lat' dir='ltr'>egredere</span> 
     </span>
    </p>
   </div>
   <div class='ocr_carea' id='block_1_3' title="bbox 120 2270 1464 2364">
    <p class='ocr_par' dir='ltr' id='par_1_12' title="bbox 120 2270 1464 2364">
     <span class='ocr_line' id='line_1_36' title="bbox 214 2270 1462 2316; baseline -0.001 -10"><span class='ocrx_word' id='word_1_308' title='bbox 214 2275 257 2306; x_wconf 80' lang='lat'>25</span> <span class='ocrx_word' id='word_1_309' title='bbox 284 2271 432 2316; x_wconf 84' lang='lat' dir='ltr'>quando</span> <span class='ocrx_word' id='word_1_310' title='bbox 453 2282 518 2305; x_wconf 85' lang='lat' dir='ltr'>om.</span> <span class='ocrx_word' id='word_1_311' title='bbox 617 2274 672 2305; x_wconf 84' lang='lat'>25.</span> <span class='ocrx_word' id='word_1_312' title='bbox 699 2274 743 2305; x_wconf 79' lang='lat'>26</span> <span class='ocrx_word' id='word_1_313' title='bbox 771 2270 940 2305; x_wconf 83' lang='lat' dir='ltr'>adverbii</span> <span class='ocrx_word' id='word_1_314' title='bbox 960 2270 1107 2305; x_wconf 74' lang='lat' dir='ltr'>obtinet</span> <span class='ocrx_word' id='word_1_315' title='bbox 1133 2272 1169 2304; x_wconf 79' lang='lat' dir='ltr'>et</span> <span class='ocrx_word' id='word_1_316' title='bbox 1190 2272 1315 2304; x_wconf 76' lang='lat' dir='ltr'>tamen</span> <span class='ocrx_word' id='word_1_317' title='bbox 1336 2281 1462 2305; x_wconf 83' lang='lat' dir='ltr'>secun-</span> 
     </span>
     <span class='ocr_line' id='line_1_37' title="bbox 120 2317 1464 2364; baseline 0 -11"><span class='ocrx_word' id='word_1_318' title='bbox 120 2319 208 2353; x_wconf 87' lang='lat' dir='ltr'>dum</span> <span class='ocrx_word' id='word_1_319' title='bbox 233 2323 256 2364; x_wconf 66' lang='lat' dir='ltr'>p</span> <span class='ocrx_word' id='word_1_320' title='bbox 281 2331 327 2352; x_wconf 90' lang='lat'>·1·</span> <span class='ocrx_word' id='word_1_321' title='bbox 355 2317 566 2363; x_wconf 56' lang='lat' dir='ltr'>§positione</span> <span class='ocrx_word' id='word_1_322' title='bbox 592 2329 614 2352; x_wconf 94' lang='lat'>1.</span> <span class='ocrx_word' id='word_1_323' title='bbox 738 2321 779 2351; x_wconf 90' lang='lat'>31</span> <span class='ocrx_word' id='word_1_324' title='bbox 808 2323 845 2353; x_wconf 71' lang='lat' dir='ltr'>re</span> <span class='ocrx_word' id='word_1_325' title='bbox 872 2321 1008 2362; x_wconf 64' lang='lat' dir='ltr'>magn-It</span> <span class='ocrx_word' id='word_1_326' title='bbox 1035 2322 1082 2352; x_wconf 66' lang='lat' dir='ltr'>na</span> <span class='ocrx_word' id='word_1_327' title='bbox 1107 2317 1228 2362; x_wconf 75' lang='lat' dir='ltr'>pretifi</span> <span class='ocrx_word' id='word_1_328' title='bbox 1257 2328 1301 2351; x_wconf 88' lang='lat'>-1·</span> <span class='ocrx_word' id='word_1_329' title='bbox 1327 2328 1464 2353; x_wconf 81' lang='lat' dir='ltr'>morae.</span> 
     </span>
    </p>
   </div>
  </div>
 </body>
</html>
