1681 2576
438 126 583 170 Hecyra
603 125 645 169 V,
667 129 687 159 2
714 147 741 150 —
761 124 805 167 V,
826 127 857 158 4.
909 123 1071 168 Adelphi
1091 123 1117 166 Ι,
1141 127 1170 157 1.
1398 122 1479 164 149

686 234 927 285 Prologus.

224 308 245 347 1
275 310 488 357 Postquam
509 312 630 357 poeta
657 305 747 355 eta]
781 317 889 343 more
924 318 994 343 suo
1027 306 1067 342 in
1094 303 1254 355 prologo
1281 303 1481 342 malevolis

133 367 336 419 respondit
372 367 517 418 poetis,
556 366 622 416 qui
660 366 745 403 eius
788 366 1026 415 scripturam
1059 362 1348 414 reprehendere
1382 363 1481 400 nite-

132 427 285 478 bantur,
317 430 356 465 et
386 425 562 476 loquitur
594 423 640 461 de
674 436 715 461 se
747 425 859 474 quasi
885 424 931 461 de
959 423 1033 461 alio
1065 423 1138 461 GE
1141 437 1156 468 ;
1200 422 1303 472 quod
1330 423 1370 459 in
1396 421 1482 459 aliis

132 486 303 536 prologis
330 488 518 523 executus
545 487 615 534 est,
647 482 721 520 hoc
749 484 868 520 etiam
894 484 935 520 in
961 484 1049 532 isto,
1075 486 1117 519 ut
1145 481 1296 519 scilicet
1320 480 1482 532 perfidis
1533 486 1554 517 5

132 544 370 596 respondere
411 547 545 594 posset
580 542 679 579 ΒΜ.
744 540 768 579 2
815 540 979 590 iniquis]
1023 540 1197 579 aemulis.
1253 538 1480 587 observari]

133 603 269 641 callide
308 600 555 653 reprehendi.
608 599 632 639 3
667 599 832 650 rapere]
873 600 1138 650 interpretari.
1188 596 1217 637 4
1250 601 1400 637 indicio
1434 600 1484 636 de

132 675 174 701 se
206 665 290 712 ipse
321 660 416 710 erit]
457 661 568 711 quasi
606 659 797 697 indicium
836 659 883 697 de
922 671 962 697 se
995 660 1079 709 ipse
1112 657 1318 709 praebebit
1355 657 1482 704 CGE‚

130 722 217 771 ipse
269 720 315 758 de
367 731 408 757 se
465 718 656 757 indicium
707 723 745 756 et
801 718 1159 756 manifestationem
1215 717 1331 755 faciet
1382 715 1482 753 ΒΜ.

133 778 158 819 6
185 776 610 829 Synapothnescontes]
651 779 967 828 commorientes,
999 788 1143 814 nomen
1174 776 1379 826 proprium
1412 779 1481 812 est.
1513 781 1554 812 10

133 835 487 888 συναποθνήσκω
521 848 659 886 graece
693 841 763 887 est,
796 836 913 874 latine
947 836 1194 873 commorior.
1239 834 1330 872 inde
1363 835 1483 884 parti-

133 898 280 948 cipium
312 893 718 946 συναποθνήσκων,
756 895 794 933 id
829 901 888 933 est
920 895 1182 933 commoriens
1209 895 1256 931 D.
1304 892 1483 943 Diphilus

131 968 295 1007 graecus
322 955 531 994 comoedus
553 954 637 1005 suit,
663 955 731 1004 qui
752 955 911 1004 scripsit
931 953 1112 1004 fabulam,
1139 965 1255 1003 quam
1275 951 1483 1002 appellavit

133 1014 545 1066 synapothnescontes,
572 1025 669 1063 quae
691 1012 808 1051 latine
831 1017 942 1051 sonat
962 1013 1274 1050 commorientes.
1322 1010 1344 1049 7
1363 1009 1482 1059 fecit]

134 1073 344 1112 transtulit.
385 1070 440 1111 10
462 1071 678 1121 inteqrum]
707 1073 908 1123 intactum,
934 1071 1032 1109 nihil
1059 1071 1150 1109 inde
1177 1070 1323 1108 dicens.
1365 1066 1417 1107 11
1442 1071 1482 1107 in
1511 1075 1553 1106 15

133 1131 340 1182 adelphos]
369 1131 408 1169 id
435 1135 495 1169 est
520 1132 561 1168 in
587 1143 744 1169 causam
771 1131 938 1168 duorum
965 1131 1147 1181 fratrum3
1177 1141 1267 1167 nam
1294 1127 1483 1178 adelphoe

133 1191 318 1230 dicuntur
344 1191 520 1240 germani
546 1190 698 1228 fratres.
741 1189 900 1238 extulit}
929 1189 1138 1228 transtulit.
1183 1185 1239 1227 14
1265 1189 1482 1237 reprehen-

132 1249 236 1299 sum]
271 1250 511 1287 reiteratum.
571 1246 626 1287 20
666 1251 705 1287 in
744 1247 918 1297 neyotio]
959 1249 1161 1299 negotium
1192 1247 1338 1285 dicitur
1371 1247 1483 1296 quasi

132 1321 206 1347 nee
244 1309 385 1359 otium,
428 1309 469 1346 in
508 1308 713 1358 coeptione
759 1308 863 1345 enim
905 1307 1054 1346 nullum
1092 1308 1197 1345 inest
1235 1307 1358 1344 otium
1395 1305 1480 1343 GE.

134 1365 186 1406 21
220 1370 307 1406 sine
342 1366 550 1416 superbia]
592 1368 659 1417 qui
697 1378 788 1404 suas
826 1366 1039 1416 dignitates
1077 1367 1161 1404 sine
1201 1363 1385 1416 superbia
1418 1363 1482 1401 ad·
1509 1371 1553 1402 ‘20

134 1427 466 1465 ministraverunt.
512 1423 566 1463 22
600 1438 650 1464 ne
675 1424 909 1474 eaepectetz‘s]
943 1426 981 1462 in
1017 1424 1232 1463 comoediis
1265 1425 1370 1462 enim
1402 1434 1479 1461 non

134 1489 343 1524 narrantur
369 1497 433 1523 res
460 1489 604 1535 gestae,
631 1484 697 1521 sed
726 1496 916 1534 personae
943 1483 1149 1534 loquentes
1169 1485 1274 1521 inter
1295 1495 1336 1521 se
1357 1483 1482 1532 ipsam

134 1543 302 1582 fabulam
317 1548 445 1593 agunt.
485 1541 541 1581 24
557 1542 702 1591 facite]
719 1542 800 1581 scil.
816 1548 945 1580 vestro
961 1544 1089 1580 favore
1106 1542 1165 1580 vel
1180 1542 1378 1580 alacritate
1400 1542 1430 1579 C
1439 1542 1482 1578 G.

763 1671 790 1723 I,
820 1670 854 1710 1.

222 1743 364 1781 Demea
397 1743 494 1781 duos
528 1743 628 1780 filios
660 1742 806 1793 babuit,
839 1755 1007 1792 quorum
1040 1754 1162 1780 unum
1196 1741 1483 1780 commendarit
1510 1747 1554 1778 25

134 1803 245 1841 fratri
271 1814 340 1841 suo
367 1801 525 1840 Micioni
552 1802 597 1840 ad
624 1801 892 1853 nutriendum,
925 1803 992 1852 qni
1018 1801 1228 1840 vocabatur
1254 1800 1483 1839 Aeschinus.

135 1873 271 1900 servus
313 1866 442 1899 autem
480 1860 660 1898 Micionis
702 1864 785 1899 erat
827 1860 966 1898 Storax
1004 1862 1038 1898 J)
1053 1862 1090 1898 C.
1147 1859 1268 1898 Datur
1309 1858 1483 1906 intellegi

134 1920 388 1971 Aeschinum,
422 1919 546 1957 filium
579 1919 763 1971 Demeae,
802 1931 919 1970 quein
951 1925 1114 1970 patruus
1149 1921 1233 1957 eins
1265 1918 1378 1956 Micio
1412 1930 1482 1955 1111-

133 1978 286 2030 triebat,
313 1978 359 2016 ad
386 1990 521 2017 cenam
549 1980 639 2030 isse,
666 1978 732 2016 sed
755 1990 832 2016 non
854 1978 1124 2016 revertebatur
1144 1978 1237 2015 liora
1260 1978 1482 2015 constituta.

134 2042 372 2088 quapropter
404 2038 510 2075 misit
535 2049 669 2075 servos
697 2049 800 2088 snos,
833 2041 876 2075 nt
903 2039 1006 2075 irent
1032 2039 1067 2075 ei
1095 2037 1257 2074 obviam.
1293 2035 1360 2073 scd
1389 2035 1482 2073 (111111
1509 2044 1554 2074 30

135 2108 271 2134 omnes
310 2101 558 2134 morarentur
596 2096 724 2134 redire
764 2098 912 2146 pariter
953 2108 1041 2133 cnm
1079 2096 1291 2147 Aeschino,
1332 2096 1484 2132 vocavit

231 2224 248 2254 7
275 2220 509 2266 reprehendi]
543 2220 769 2265 deprehendi
797 2221 876 2256 OG.
1006 2225 1046 2254 11
1083 2218 1482 2264 synanoTHlSNOME

134 2280 187 2314 gr.
214 2269 271 2302 est
302 2268 366 2302 lat.
387 2268 435 2303 D.
582 2272 624 2302 12
659 2267 979 2312 synanotNlScon
1006 2268 1054 2302 D.
1106 2267 1237 2302 Difilus
1264 2268 1312 2310 D,
1340 2268 1482 2301 contes-

135 2314 259 2350 difilus
281 2314 345 2350 OG
357 2315 454 2350 EM.
565 2319 609 2349 13
635 2314 798 2361 scripsit]
826 2314 1048 2360 composuit]
1073 2315 1137 2349 CG
1150 2315 1194 2349 E.
1305 2318 1348 2348 14
1374 2325 1481 2358 syna-

135 2362 422 2406 pothneseontes
444 2363 492 2407 D,
520 2361 760 2407 sinapothnes
787 2366 848 2398 cet.
946 2366 988 2396 ‘21
1019 2361 1116 2396 cuim
1142 2373 1207 2397 om.
1236 2361 1282 2396 E.
