<?xml version="1.0" encoding="UTF-8"?>
<!DOCTYPE html PUBLIC "-//W3C//DTD XHTML 1.0 Transitional//EN"
    "http://www.w3.org/TR/xhtml1/DTD/xhtml1-transitional.dtd">
<html xmlns="http://www.w3.org/1999/xhtml" xml:lang="en" lang="en">
 <head>
  <title>
</title>
<meta http-equiv="Content-Type" content="text/html;charset=utf-8" />
  <meta name='ocr-system' content='tesseract 3.04.00' />
  <meta name='ocr-capabilities' content='ocr_page ocr_carea ocr_par ocr_line ocrx_word'/>
</head>
<body>
  <div class='ocr_page' id='page_1' title='image "./scholiaterentian00schluoft_0034.png"; bbox 0 0 1681 2576; ppageno 0'>
   <div class='ocr_carea' id='block_1_1' title="bbox 150 100 1103 144">
    <p class='ocr_par' dir='ltr' id='par_1_1' title="bbox 150 100 1103 144">
     <span class='ocr_line' id='line_1_1' title="bbox 150 100 1103 144; baseline -0.008 -2"><span class='ocrx_word' id='word_1_1' title='bbox 150 101 206 142; x_wconf 81' lang='grc'>22</span> <span class='ocrx_word' id='word_1_2' title='bbox 540 105 559 144; x_wconf 67' lang='grc' dir='ltr'>ἓ</span> <span class='ocrx_word' id='word_1_3' title='bbox 587 104 619 136; x_wconf 87' lang='grc'>3.</span> <span class='ocrx_word' id='word_1_4' title='bbox 657 100 889 136; x_wconf 81' lang='lat' dir='ltr'>Monacensis</span> <span class='ocrx_word' id='word_1_5' title='bbox 915 101 1103 136; x_wconf 73' lang='lat' dir='ltr'>lemmata.</span> 
     </span>
    </p>
   </div>
   <div class='ocr_carea' id='block_1_2' title="bbox 112 208 1503 2377">
    <p class='ocr_par' dir='ltr' id='par_1_2' title="bbox 112 208 1496 790">
     <span class='ocr_line' id='line_1_2' title="bbox 237 208 1492 263; baseline 0.002 -14"><span class='ocrx_word' id='word_1_6' title='bbox 237 211 450 249; x_wconf 75' lang='lat' dir='ltr'>Eunuchus</span> <span class='ocrx_word' id='word_1_7' title='bbox 470 211 532 263; x_wconf 83' lang='lat' dir='ltr'>Ill,</span> <span class='ocrx_word' id='word_1_8' title='bbox 552 208 578 249; x_wconf 98' lang='lat'>5</span> <span class='ocrx_word' id='word_1_9' title='bbox 604 211 771 262; x_wconf 76' lang='lat' dir='ltr'>Antipho</span> <span class='ocrx_word' id='word_1_10' title='bbox 793 210 1032 250; x_wconf 75' lang='lat' dir='ltr'>adulescens.</span> <span class='ocrx_word' id='word_1_11' title='bbox 1078 210 1226 249; x_wconf 85' lang='lat' dir='ltr'>Cherea</span> <span class='ocrx_word' id='word_1_12' title='bbox 1252 211 1492 251; x_wconf 57' lang='lat' dir='ltr'>adulescens</span> 
     </span>
     <span class='ocr_line' id='line_1_3' title="bbox 151 266 1493 324; baseline 0 -14"><span class='ocrx_word' id='word_1_13' title='bbox 151 269 176 310; x_wconf 87' lang='lat'>6</span> <span class='ocrx_word' id='word_1_14' title='bbox 198 272 274 309; x_wconf 88' lang='lat' dir='ltr'>iam</span> <span class='ocrx_word' id='word_1_15' title='bbox 294 270 508 320; x_wconf 74' lang='lat' dir='ltr'>rogitando.</span> <span class='ocrx_word' id='word_1_16' title='bbox 543 268 567 309; x_wconf 79' lang='lat'>8</span> <span class='ocrx_word' id='word_1_17' title='bbox 589 275 724 308; x_wconf 77' lang='lat' dir='ltr'>nactus</span> <span class='ocrx_word' id='word_1_18' title='bbox 738 293 791 296; x_wconf 94' lang='lat'>—</span> <span class='ocrx_word' id='word_1_19' title='bbox 808 282 925 308; x_wconf 86' lang='lat' dir='ltr'>sanus</span> <span class='ocrx_word' id='word_1_20' title='bbox 947 271 1030 307; x_wconf 90' lang='lat' dir='ltr'>sim.</span> <span class='ocrx_word' id='word_1_21' title='bbox 1067 268 1117 308; x_wconf 82' lang='lat'>11</span> <span class='ocrx_word' id='word_1_22' title='bbox 1141 269 1265 307; x_wconf 85' lang='lat' dir='ltr'>laetus</span> <span class='ocrx_word' id='word_1_23' title='bbox 1286 271 1339 308; x_wconf 89' lang='lat' dir='ltr'>sis</span> <span class='ocrx_word' id='word_1_24' title='bbox 1355 266 1493 324; x_wconf 76' lang='lat' dir='ltr'>(schol.</span> 
     </span>
     <span class='ocr_line' id='line_1_4' title="bbox 152 324 1494 382; baseline 0.001 -16"><span class='ocrx_word' id='word_1_25' title='bbox 152 340 223 379; x_wconf 86' lang='lat' dir='ltr'>pro</span> <span class='ocrx_word' id='word_1_26' title='bbox 263 324 324 382; x_wconf 87' lang='lat' dir='ltr'>es)</span> <span class='ocrx_word' id='word_1_27' title='bbox 352 351 406 355; x_wconf 76' lang='lat'>——</span> <span class='ocrx_word' id='word_1_28' title='bbox 435 330 579 366; x_wconf 82' lang='lat' dir='ltr'>satisne</span> <span class='ocrx_word' id='word_1_29' title='bbox 622 340 739 367; x_wconf 82' lang='lat' dir='ltr'>sanus</span> <span class='ocrx_word' id='word_1_30' title='bbox 766 351 820 355; x_wconf 91' lang='lat'><strong>—</strong></span> <span class='ocrx_word' id='word_1_31' title='bbox 848 334 1034 379; x_wconf 81' lang='lat' dir='ltr'>aspectas.</span> <span class='ocrx_word' id='word_1_32' title='bbox 1091 327 1143 366; x_wconf 92' lang='grc'>12</span> <span class='ocrx_word' id='word_1_33' title='bbox 1186 328 1286 374; x_wconf 79' lang='lat' dir='ltr'>Quid</span> <span class='ocrx_word' id='word_1_34' title='bbox 1326 333 1431 368; x_wconf 81' lang='lat' dir='ltr'>taces</span> <span class='ocrx_word' id='word_1_35' title='bbox 1474 343 1494 367; x_wconf 90' lang='grc'><strong>0</strong></span> 
     </span>
     <span class='ocr_line' id='line_1_5' title="bbox 150 385 1491 438; baseline 0 -13"><span class='ocrx_word' id='word_1_36' title='bbox 150 388 273 426; x_wconf 71' lang='lat' dir='ltr'>festus</span> <span class='ocrx_word' id='word_1_37' title='bbox 300 388 382 424; x_wconf 83' lang='lat' dir='ltr'>dies</span> <span class='ocrx_word' id='word_1_38' title='bbox 410 387 579 425; x_wconf 87' lang='lat' dir='ltr'>hominis</span> <span class='ocrx_word' id='word_1_39' title='bbox 606 388 740 425; x_wconf 85' lang='lat' dir='ltr'>amice.</span> <span class='ocrx_word' id='word_1_40' title='bbox 794 385 846 425; x_wconf 90' lang='lat'>13</span> <span class='ocrx_word' id='word_1_41' title='bbox 873 399 987 425; x_wconf 84' lang='lat' dir='ltr'>nemo</span> <span class='ocrx_word' id='word_1_42' title='bbox 1014 392 1071 425; x_wconf 79' lang='lat' dir='ltr'>est</span> <span class='ocrx_word' id='word_1_43' title='bbox 1100 389 1284 425; x_wconf 88' lang='lat' dir='ltr'>omnium.</span> <span class='ocrx_word' id='word_1_44' title='bbox 1320 385 1374 426; x_wconf 99' lang='lat'>14</span> <span class='ocrx_word' id='word_1_45' title='bbox 1401 389 1491 438; x_wconf 84' lang='lat' dir='ltr'>quid</span> 
     </span>
     <span class='ocr_line' id='line_1_6' title="bbox 112 443 1494 496; baseline 0 -12"><span class='ocrx_word' id='word_1_46' title='bbox 112 460 113 464; x_wconf 54' lang='lat'>¹</span> <span class='ocrx_word' id='word_1_47' title='bbox 150 448 233 484; x_wconf 70' lang='lat' dir='ltr'>siet.</span> <span class='ocrx_word' id='word_1_48' title='bbox 286 444 340 483; x_wconf 90' lang='grc'>22</span> <span class='ocrx_word' id='word_1_49' title='bbox 374 447 491 483; x_wconf 80' lang='lat' dir='ltr'>etiam</span> <span class='ocrx_word' id='word_1_50' title='bbox 523 450 616 484; x_wconf 87' lang='lat' dir='ltr'>tum.</span> <span class='ocrx_word' id='word_1_51' title='bbox 668 444 722 484; x_wconf 87' lang='grc'>23</span> <span class='ocrx_word' id='word_1_52' title='bbox 756 447 914 496; x_wconf 79' lang='lat' dir='ltr'>arripui.</span> <span class='ocrx_word' id='word_1_53' title='bbox 967 443 1022 484; x_wconf 83' lang='lat'>24</span> <span class='ocrx_word' id='word_1_54' title='bbox 1050 459 1137 484; x_wconf 86' lang='lat' dir='ltr'>cum</span> <span class='ocrx_word' id='word_1_55' title='bbox 1163 446 1376 485; x_wconf 89' lang='lat' dir='ltr'>illo—me</span> <span class='ocrx_word' id='word_1_56' title='bbox 1405 446 1494 484; x_wconf 79' lang='lat' dir='ltr'>illoc</span> 
     </span>
     <span class='ocr_line' id='line_1_7' title="bbox 151 503 1492 555; baseline 0.001 -13"><span class='ocrx_word' id='word_1_57' title='bbox 151 504 346 543; x_wconf 89' lang='lat' dir='ltr'>deducier.</span> <span class='ocrx_word' id='word_1_58' title='bbox 400 503 452 543; x_wconf 77' lang='grc'>27</span> <span class='ocrx_word' id='word_1_59' title='bbox 486 516 601 555; x_wconf 73' lang='lat' dir='ltr'>parva</span> <span class='ocrx_word' id='word_1_60' title='bbox 634 506 743 542; x_wconf 80' lang='lat' dir='ltr'>ratio.</span> <span class='ocrx_word' id='word_1_61' title='bbox 796 503 850 543; x_wconf 83' lang='grc'>29</span> <span class='ocrx_word' id='word_1_62' title='bbox 884 504 1016 542; x_wconf 82' lang='lat' dir='ltr'>tibine.</span> <span class='ocrx_word' id='word_1_63' title='bbox 1070 503 1123 543; x_wconf 88' lang='lat'>33</span> <span class='ocrx_word' id='word_1_64' title='bbox 1158 507 1270 543; x_wconf 82' lang='lat' dir='ltr'>circa.</span> <span class='ocrx_word' id='word_1_65' title='bbox 1323 503 1378 543; x_wconf 97' lang='lat'>34</span> <span class='ocrx_word' id='word_1_66' title='bbox 1410 506 1492 543; x_wconf 81' lang='lat' dir='ltr'>hae.</span> 
     </span>
     <span class='ocr_line' id='line_1_8' title="bbox 152 561 1495 614; baseline -0.001 -12"><span class='ocrx_word' id='word_1_67' title='bbox 152 561 205 602; x_wconf 88' lang='lat'>37</span> <span class='ocrx_word' id='word_1_68' title='bbox 234 563 343 601; x_wconf 86' lang='lat' dir='ltr'>dane.</span> <span class='ocrx_word' id='word_1_69' title='bbox 390 561 443 601; x_wconf 88' lang='lat'>39</span> <span class='ocrx_word' id='word_1_70' title='bbox 470 563 666 614; x_wconf 82' lang='lat' dir='ltr'>inpendio.</span> <span class='ocrx_word' id='word_1_71' title='bbox 712 561 769 601; x_wconf 84' lang='lat'>40</span> <span class='ocrx_word' id='word_1_72' title='bbox 796 568 833 601; x_wconf 82' lang='lat' dir='ltr'>ct</span> <span class='ocrx_word' id='word_1_73' title='bbox 858 575 929 613; x_wconf 84' lang='lat' dir='ltr'>per</span> <span class='ocrx_word' id='word_1_74' title='bbox 955 563 1100 601; x_wconf 81' lang='lat' dir='ltr'>alienas</span> <span class='ocrx_word' id='word_1_75' title='bbox 1126 563 1287 613; x_wconf 76' lang='lat' dir='ltr'>tegulas.</span> <span class='ocrx_word' id='word_1_76' title='bbox 1332 562 1388 602; x_wconf 97' lang='lat'>43</span> <span class='ocrx_word' id='word_1_77' title='bbox 1415 564 1495 614; x_wconf 86' lang='lat' dir='ltr'>Ego</span> 
     </span>
     <span class='ocr_line' id='line_1_9' title="bbox 149 620 1495 670; baseline 0.001 -11"><span class='ocrx_word' id='word_1_78' title='bbox 149 621 224 660; x_wconf 90' lang='lat' dir='ltr'>hoc</span> <span class='ocrx_word' id='word_1_79' title='bbox 262 622 470 660; x_wconf 82' lang='lat' dir='ltr'>homuncio</span> <span class='ocrx_word' id='word_1_80' title='bbox 509 635 587 660; x_wconf 90' lang='grc'><strong>11011</strong></span> <span class='ocrx_word' id='word_1_81' title='bbox 631 622 799 660; x_wconf 88' lang='lat' dir='ltr'>facerem</span> <span class='ocrx_word' id='word_1_82' title='bbox 825 644 878 647; x_wconf 88' lang='lat'><strong>—</strong></span> <span class='ocrx_word' id='word_1_83' title='bbox 906 623 968 660; x_wconf 82' lang='lat' dir='ltr'>ita.</span> <span class='ocrx_word' id='word_1_84' title='bbox 1030 620 1087 661; x_wconf 89' lang='lat'>45</span> <span class='ocrx_word' id='word_1_85' title='bbox 1130 622 1194 660; x_wconf 90' lang='lat' dir='ltr'>ille</span> <span class='ocrx_word' id='word_1_86' title='bbox 1233 622 1495 670; x_wconf 73' lang='lat' dir='ltr'>conlocarunt.</span> 
     </span>
     <span class='ocr_line' id='line_1_10' title="bbox 151 677 1496 732; baseline 0.001 -14"><span class='ocrx_word' id='word_1_87' title='bbox 151 677 208 719; x_wconf 91' lang='lat'>46</span> <span class='ocrx_word' id='word_1_88' title='bbox 242 685 432 731; x_wconf 85' lang='lat' dir='ltr'>spectans.</span> <span class='ocrx_word' id='word_1_89' title='bbox 484 679 540 719; x_wconf 88' lang='lat'>50</span> <span class='ocrx_word' id='word_1_90' title='bbox 572 682 660 731; x_wconf 88' lang='lat' dir='ltr'>quis</span> <span class='ocrx_word' id='word_1_91' title='bbox 680 680 963 719; x_wconf 73' lang='lat' dir='ltr'>——flabellum</span> <span class='ocrx_word' id='word_1_92' title='bbox 1009 678 1063 719; x_wconf 91' lang='lat'>53</span> <span class='ocrx_word' id='word_1_93' title='bbox 1091 686 1257 732; x_wconf 70' lang='lat' dir='ltr'>aspecto</span> <span class='ocrx_word' id='word_1_94' title='bbox 1303 679 1358 720; x_wconf 89' lang='lat'>55</span> <span class='ocrx_word' id='word_1_95' title='bbox 1386 683 1496 720; x_wconf 79' lang='lat' dir='ltr'>satin.</span> 
     </span>
     <span class='ocr_line' id='line_1_11' title="bbox 152 736 1425 790; baseline 0.001 -13"><span class='ocrx_word' id='word_1_96' title='bbox 152 736 207 778; x_wconf 89' lang='lat'>56</span> <span class='ocrx_word' id='word_1_97' title='bbox 236 740 421 790; x_wconf 86' lang='lat' dir='ltr'>quicquid</span> <span class='ocrx_word' id='word_1_98' title='bbox 454 744 537 777; x_wconf 78' lang='lat' dir='ltr'>tum</span> <span class='ocrx_word' id='word_1_99' title='bbox 571 740 684 778; x_wconf 89' lang='lat' dir='ltr'>fatue.</span> <span class='ocrx_word' id='word_1_100' title='bbox 730 737 785 778; x_wconf 85' lang='lat'>59</span> <span class='ocrx_word' id='word_1_101' title='bbox 819 739 1004 777; x_wconf 89' lang='lat' dir='ltr'>simbolis.</span> <span class='ocrx_word' id='word_1_102' title='bbox 1050 738 1104 778; x_wconf 89' lang='lat'>63</span> <span class='ocrx_word' id='word_1_103' title='bbox 1137 751 1254 790; x_wconf 89' lang='lat' dir='ltr'>porro</span> <span class='ocrx_word' id='word_1_104' title='bbox 1286 745 1425 778; x_wconf 81' lang='lat' dir='ltr'>autem.</span> 
     </span>
    </p>

    <p class='ocr_par' dir='ltr' id='par_1_3' title="bbox 154 796 1496 894">
     <span class='ocr_line' id='line_1_12' title="bbox 242 796 1496 850; baseline 0 -14"><span class='ocrx_word' id='word_1_105' title='bbox 242 820 297 825; x_wconf 88' lang='lat'><strong>—</strong></span> <span class='ocrx_word' id='word_1_106' title='bbox 336 798 400 850; x_wconf 74' lang='lat' dir='ltr'>IV,</span> <span class='ocrx_word' id='word_1_107' title='bbox 430 796 451 836; x_wconf 91' lang='lat'>1</span> <span class='ocrx_word' id='word_1_108' title='bbox 505 798 642 836; x_wconf 86' lang='lat' dir='ltr'>Dorias</span> <span class='ocrx_word' id='word_1_109' title='bbox 689 797 838 836; x_wconf 83' lang='lat' dir='ltr'>ancilla.</span> <span class='ocrx_word' id='word_1_110' title='bbox 910 797 960 836; x_wconf 91' lang='grc'>11</span> <span class='ocrx_word' id='word_1_111' title='bbox 1008 810 1163 836; x_wconf 82' lang='lat' dir='ltr'>accerse</span> <span class='ocrx_word' id='word_1_112' title='bbox 1203 821 1258 825; x_wconf 90' lang='lat'><strong>—</strong></span> <span class='ocrx_word' id='word_1_113' title='bbox 1298 799 1496 837; x_wconf 63' lang='lat' dir='ltr'>exclamat.</span> 
     </span>
     <span class='ocr_line' id='line_1_13' title="bbox 154 854 413 894; baseline 0 0"><span class='ocrx_word' id='word_1_114' title='bbox 154 854 207 894; x_wconf 89' lang='grc'>12</span> <span class='ocrx_word' id='word_1_115' title='bbox 240 856 413 894; x_wconf 74' lang='lat' dir='ltr'>tendere.</span> 
     </span>
    </p>

    <p class='ocr_par' dir='ltr' id='par_1_4' title="bbox 150 913 1497 1141">
     <span class='ocr_line' id='line_1_14' title="bbox 241 913 1497 967; baseline 0.002 -15"><span class='ocrx_word' id='word_1_116' title='bbox 241 937 296 941; x_wconf 90' lang='lat'>——</span> <span class='ocrx_word' id='word_1_117' title='bbox 329 915 387 966; x_wconf 67' lang='lat' dir='ltr'>IV,</span> <span class='ocrx_word' id='word_1_118' title='bbox 415 914 438 952; x_wconf 89' lang='grc'>2</span> <span class='ocrx_word' id='word_1_119' title='bbox 472 914 711 953; x_wconf 77' lang='lat' dir='ltr'>Adulescens</span> <span class='ocrx_word' id='word_1_120' title='bbox 749 915 925 953; x_wconf 88' lang='lat' dir='ltr'>Phedria.</span> <span class='ocrx_word' id='word_1_121' title='bbox 984 913 1012 953; x_wconf 90' lang='lat'>4</span> <span class='ocrx_word' id='word_1_122' title='bbox 1044 921 1194 966; x_wconf 76' lang='lat' dir='ltr'>reputo.</span> <span class='ocrx_word' id='word_1_123' title='bbox 1245 913 1271 954; x_wconf 89' lang='lat'>5</span> <span class='ocrx_word' id='word_1_124' title='bbox 1303 917 1497 967; x_wconf 72' lang='lat' dir='ltr'>inpudens</span> 
     </span>
     <span class='ocr_line' id='line_1_15' title="bbox 153 969 1497 1027; baseline -0.001 -15"><span class='ocrx_word' id='word_1_125' title='bbox 153 969 293 1026; x_wconf 76' lang='lat' dir='ltr'>(schol.</span> <span class='ocrx_word' id='word_1_126' title='bbox 331 975 480 1012; x_wconf 86' lang='lat' dir='ltr'>inscius</span> <span class='ocrx_word' id='word_1_127' title='bbox 526 973 619 1024; x_wconf 89' lang='lat' dir='ltr'>quid</span> <span class='ocrx_word' id='word_1_128' title='bbox 656 969 845 1027; x_wconf 80' lang='lat' dir='ltr'>facerem)</span> <span class='ocrx_word' id='word_1_129' title='bbox 874 996 928 999; x_wconf 88' lang='lat'>—</span> <span class='ocrx_word' id='word_1_130' title='bbox 956 973 1138 1012; x_wconf 85' lang='lat' dir='ltr'>abieram.</span> <span class='ocrx_word' id='word_1_131' title='bbox 1195 973 1220 1013; x_wconf 88' lang='grc'>6</span> <span class='ocrx_word' id='word_1_132' title='bbox 1258 974 1399 1013; x_wconf 86' lang='lat' dir='ltr'>malem</span> <span class='ocrx_word' id='word_1_133' title='bbox 1437 987 1497 1012; x_wconf 73' lang='lat' dir='ltr'>mo</span> 
     </span>
     <span class='ocr_line' id='line_1_16' title="bbox 153 1028 1496 1086; baseline -0.001 -15"><span class='ocrx_word' id='word_1_134' title='bbox 153 1028 293 1085; x_wconf 77' lang='lat' dir='ltr'>(error</span> <span class='ocrx_word' id='word_1_135' title='bbox 324 1034 489 1071; x_wconf 68' lang='lat' dir='ltr'>librarii</span> <span class='ocrx_word' id='word_1_136' title='bbox 509 1045 586 1081; x_wconf 80' lang='lat' dir='ltr'>pro</span> <span class='ocrx_word' id='word_1_137' title='bbox 617 1032 716 1070; x_wconf 87' lang='lat' dir='ltr'>male</span> <span class='ocrx_word' id='word_1_138' title='bbox 749 1028 831 1086; x_wconf 89' lang='lat' dir='ltr'>me)</span> <span class='ocrx_word' id='word_1_139' title='bbox 864 1031 1022 1070; x_wconf 85' lang='lat' dir='ltr'>hahens.</span> <span class='ocrx_word' id='word_1_140' title='bbox 1082 1030 1136 1071; x_wconf 87' lang='grc'>10</span> <span class='ocrx_word' id='word_1_141' title='bbox 1167 1033 1265 1070; x_wconf 87' lang='lat' dir='ltr'>nihil</span> <span class='ocrx_word' id='word_1_142' title='bbox 1297 1038 1383 1072; x_wconf 85' lang='lat' dir='ltr'>est.</span> <span class='ocrx_word' id='word_1_143' title='bbox 1406 1034 1496 1084; x_wconf 83' lang='lat' dir='ltr'>quid</span> 
     </span>
     <span class='ocr_line' id='line_1_17' title="bbox 150 1089 1415 1141; baseline 0.002 -13"><span class='ocrx_word' id='word_1_144' title='bbox 150 1091 259 1129; x_wconf 88' lang='lat' dir='ltr'>nihil.</span> <span class='ocrx_word' id='word_1_145' title='bbox 307 1089 358 1129; x_wconf 87' lang='lat'>11</span> <span class='ocrx_word' id='word_1_146' title='bbox 393 1103 472 1129; x_wconf 88' lang='grc'><strong>11011</strong></span> <span class='ocrx_word' id='word_1_147' title='bbox 503 1096 642 1141; x_wconf 84' lang='lat' dir='ltr'>potest.</span> <span class='ocrx_word' id='word_1_148' title='bbox 695 1089 748 1129; x_wconf 92' lang='grc'><strong>12</strong></span> <span class='ocrx_word' id='word_1_149' title='bbox 783 1096 956 1129; x_wconf 84' lang='lat' dir='ltr'>extrema</span> <span class='ocrx_word' id='word_1_150' title='bbox 987 1091 1101 1129; x_wconf 86' lang='lat' dir='ltr'>linea.</span> <span class='ocrx_word' id='word_1_151' title='bbox 1154 1089 1209 1129; x_wconf 89' lang='lat'>14</span> <span class='ocrx_word' id='word_1_152' title='bbox 1240 1092 1314 1130; x_wconf 92' lang='lat' dir='ltr'>hoc</span> <span class='ocrx_word' id='word_1_153' title='bbox 1346 1097 1415 1130; x_wconf 84' lang='lat' dir='ltr'>est.</span> 
     </span>
    </p>

    <p class='ocr_par' dir='ltr' id='par_1_5' title="bbox 149 1148 1499 1380">
     <span class='ocr_line' id='line_1_18' title="bbox 240 1148 1494 1201; baseline 0 -14"><span class='ocrx_word' id='word_1_154' title='bbox 240 1172 295 1176; x_wconf 80' lang='lat'>——</span> <span class='ocrx_word' id='word_1_155' title='bbox 328 1150 387 1201; x_wconf 72' lang='lat' dir='ltr'>IV,</span> <span class='ocrx_word' id='word_1_156' title='bbox 414 1148 438 1187; x_wconf 90' lang='lat'>3</span> <span class='ocrx_word' id='word_1_157' title='bbox 485 1149 632 1188; x_wconf 83' lang='lat' dir='ltr'>Pithias</span> <span class='ocrx_word' id='word_1_158' title='bbox 670 1149 808 1188; x_wconf 90' lang='lat' dir='ltr'>Dorias</span> <span class='ocrx_word' id='word_1_159' title='bbox 849 1150 998 1188; x_wconf 83' lang='lat' dir='ltr'>ancille.</span> <span class='ocrx_word' id='word_1_160' title='bbox 1048 1149 1215 1188; x_wconf 88' lang='lat' dir='ltr'>Phedria</span> <span class='ocrx_word' id='word_1_161' title='bbox 1253 1149 1494 1189; x_wconf 80' lang='lat' dir='ltr'>adulescens.</span> 
     </span>
     <span class='ocr_line' id='line_1_19' title="bbox 153 1207 1497 1259; baseline 0 -13"><span class='ocrx_word' id='word_1_162' title='bbox 153 1207 174 1246; x_wconf 93' lang='lat'>1</span> <span class='ocrx_word' id='word_1_163' title='bbox 203 1208 277 1246; x_wconf 86' lang='lat' dir='ltr'>Ubi</span> <span class='ocrx_word' id='word_1_164' title='bbox 302 1208 413 1247; x_wconf 89' lang='lat' dir='ltr'>illum</span> <span class='ocrx_word' id='word_1_165' title='bbox 440 1220 521 1258; x_wconf 90' lang='lat' dir='ltr'>ego.</span> <span class='ocrx_word' id='word_1_166' title='bbox 568 1207 593 1246; x_wconf 80' lang='lat'>9</span> <span class='ocrx_word' id='word_1_167' title='bbox 621 1220 720 1258; x_wconf 92' lang='lat' dir='ltr'>egon</span> <span class='ocrx_word' id='word_1_168' title='bbox 741 1231 796 1235; x_wconf 81' lang='lat'>—</span> <span class='ocrx_word' id='word_1_169' title='bbox 817 1210 830 1246; x_wconf 89' lang='lat' dir='ltr'>i</span> <span class='ocrx_word' id='word_1_170' title='bbox 855 1208 946 1246; x_wconf 86' lang='lat' dir='ltr'>hinc</span> <span class='ocrx_word' id='word_1_171' title='bbox 973 1220 1049 1259; x_wconf 86' lang='lat' dir='ltr'>quo</span> <span class='ocrx_word' id='word_1_172' title='bbox 1075 1209 1216 1259; x_wconf 88' lang='lat' dir='ltr'>dignus</span> <span class='ocrx_word' id='word_1_173' title='bbox 1243 1221 1296 1247; x_wconf 87' lang='lat' dir='ltr'>es.</span> <span class='ocrx_word' id='word_1_174' title='bbox 1343 1207 1398 1248; x_wconf 89' lang='lat'>10</span> <span class='ocrx_word' id='word_1_175' title='bbox 1418 1214 1497 1248; x_wconf 86' lang='lat' dir='ltr'>tam</span> 
     </span>
     <span class='ocr_line' id='line_1_20' title="bbox 149 1265 1498 1318; baseline 0.001 -13"><span class='ocrx_word' id='word_1_176' title='bbox 149 1267 344 1318; x_wconf 88' lang='lat' dir='ltr'>inlepidis.</span> <span class='ocrx_word' id='word_1_177' title='bbox 384 1265 440 1306; x_wconf 90' lang='grc'>20</span> <span class='ocrx_word' id='word_1_178' title='bbox 460 1267 535 1305; x_wconf 90' lang='lat' dir='ltr'>ille.</span> <span class='ocrx_word' id='word_1_179' title='bbox 571 1265 623 1305; x_wconf 91' lang='grc'>21</span> <span class='ocrx_word' id='word_1_180' title='bbox 647 1268 730 1305; x_wconf 82' lang='lat' dir='ltr'>siet.</span> <span class='ocrx_word' id='word_1_181' title='bbox 765 1265 819 1305; x_wconf 88' lang='grc'>23</span> <span class='ocrx_word' id='word_1_182' title='bbox 841 1267 888 1305; x_wconf 77' lang='lat' dir='ltr'>At</span> <span class='ocrx_word' id='word_1_183' title='bbox 907 1267 972 1317; x_wconf 89' lang='lat' dir='ltr'>pol</span> <span class='ocrx_word' id='word_1_184' title='bbox 993 1279 1063 1317; x_wconf 88' lang='lat' dir='ltr'>ego</span> <span class='ocrx_word' id='word_1_185' title='bbox 1084 1272 1277 1306; x_wconf 82' lang='lat' dir='ltr'>amatores</span> <span class='ocrx_word' id='word_1_186' title='bbox 1298 1268 1498 1306; x_wconf 85' lang='lat' dir='ltr'>audieram</span> 
     </span>
     <span class='ocr_line' id='line_1_21' title="bbox 150 1322 1499 1380; baseline 0 -16"><span class='ocrx_word' id='word_1_187' title='bbox 150 1326 361 1364; x_wconf 85' lang='lat' dir='ltr'>mulierum</span> <span class='ocrx_word' id='word_1_188' title='bbox 400 1338 485 1364; x_wconf 88' lang='lat' dir='ltr'>esse</span> <span class='ocrx_word' id='word_1_189' title='bbox 525 1338 592 1364; x_wconf 89' lang='lat' dir='ltr'>eos</span> <span class='ocrx_word' id='word_1_190' title='bbox 629 1338 727 1364; x_wconf 77' lang='lat' dir='ltr'>max.</span> <span class='ocrx_word' id='word_1_191' title='bbox 780 1323 836 1363; x_wconf 80' lang='lat'>24</span> <span class='ocrx_word' id='word_1_192' title='bbox 867 1331 1043 1376; x_wconf 79' lang='lat' dir='ltr'>postesse</span> <span class='ocrx_word' id='word_1_193' title='bbox 1078 1322 1216 1379; x_wconf 72' lang='lat' dir='ltr'>(schol.</span> <span class='ocrx_word' id='word_1_194' title='bbox 1248 1339 1319 1377; x_wconf 88' lang='lat' dir='ltr'>pro</span> <span class='ocrx_word' id='word_1_195' title='bbox 1351 1323 1499 1380; x_wconf 87' lang='lat' dir='ltr'>posse).</span> 
     </span>
    </p>

    <p class='ocr_par' dir='ltr' id='par_1_6' title="bbox 149 1382 1501 1908">
     <span class='ocr_line' id='line_1_22' title="bbox 240 1382 1500 1436; baseline 0.001 -14"><span class='ocrx_word' id='word_1_196' title='bbox 240 1407 295 1411; x_wconf 77' lang='lat'>—</span> <span class='ocrx_word' id='word_1_197' title='bbox 315 1385 375 1436; x_wconf 77' lang='lat' dir='ltr'>IV,</span> <span class='ocrx_word' id='word_1_198' title='bbox 394 1382 423 1422; x_wconf 88' lang='lat'>4</span> <span class='ocrx_word' id='word_1_199' title='bbox 448 1384 575 1423; x_wconf 88' lang='lat' dir='ltr'>Dorus</span> <span class='ocrx_word' id='word_1_200' title='bbox 602 1385 816 1423; x_wconf 87' lang='lat' dir='ltr'>eunuchus.</span> <span class='ocrx_word' id='word_1_201' title='bbox 855 1384 1021 1423; x_wconf 88' lang='lat' dir='ltr'>Phedria</span> <span class='ocrx_word' id='word_1_202' title='bbox 1054 1385 1293 1424; x_wconf 82' lang='lat' dir='ltr'>adulescens.</span> <span class='ocrx_word' id='word_1_203' title='bbox 1335 1385 1500 1424; x_wconf 83' lang='lat' dir='ltr'>Pitthias</span> 
     </span>
     <span class='ocr_line' id='line_1_23' title="bbox 149 1441 1501 1483; baseline 0.001 -2"><span class='ocrx_word' id='word_1_204' title='bbox 149 1443 287 1482; x_wconf 88' lang='lat' dir='ltr'>Dorias</span> <span class='ocrx_word' id='word_1_205' title='bbox 319 1443 492 1482; x_wconf 88' lang='lat' dir='ltr'>ancillae.</span> <span class='ocrx_word' id='word_1_206' title='bbox 545 1442 569 1481; x_wconf 90' lang='lat'>3</span> <span class='ocrx_word' id='word_1_207' title='bbox 603 1444 787 1481; x_wconf 81' lang='lat' dir='ltr'>carnifex.</span> <span class='ocrx_word' id='word_1_208' title='bbox 837 1441 866 1481; x_wconf 90' lang='lat'>4</span> <span class='ocrx_word' id='word_1_209' title='bbox 896 1445 1070 1482; x_wconf 82' lang='lat' dir='ltr'>mutatio.</span> <span class='ocrx_word' id='word_1_210' title='bbox 1122 1442 1148 1483; x_wconf 97' lang='lat'>5</span> <span class='ocrx_word' id='word_1_211' title='bbox 1180 1443 1327 1482; x_wconf 82' lang='lat' dir='ltr'>Pithias</span> <span class='ocrx_word' id='word_1_212' title='bbox 1379 1446 1501 1483; x_wconf 76' lang='lat' dir='ltr'>schol.</span> 
     </span>
     <span class='ocr_line' id='line_1_24' title="bbox 153 1439 1500 1556; baseline 0 -16"><span class='ocrx_word' id='word_1_213' title='bbox 153 1502 233 1541; x_wconf 87' lang='lat' dir='ltr'>scil.</span> <span class='ocrx_word' id='word_1_214' title='bbox 261 1498 314 1555; x_wconf 90' lang='lat' dir='ltr'>o).</span> <span class='ocrx_word' id='word_1_215' title='bbox 363 1502 384 1541; x_wconf 91' lang='lat'>7</span> <span class='ocrx_word' id='word_1_216' title='bbox 414 1514 435 1540; x_wconf 92' lang='lat'>0</span> <span class='ocrx_word' id='word_1_217' title='bbox 462 1502 617 1540; x_wconf 78' lang='lat' dir='ltr'>factum.</span> <span class='ocrx_word' id='word_1_218' title='bbox 658 1500 712 1540; x_wconf 88' lang='grc'>13</span> <span class='ocrx_word' id='word_1_219' title='bbox 738 1514 828 1540; x_wconf 83' lang='grc'><strong>113111</strong></span> <span class='ocrx_word' id='word_1_220' title='bbox 850 1515 965 1553; x_wconf 88' lang='lat' dir='ltr'>quem</span> <span class='ocrx_word' id='word_1_221' title='bbox 986 1502 1113 1540; x_wconf 89' lang='lat' dir='ltr'>alium.</span> <span class='ocrx_word' id='word_1_222' title='bbox 1155 1500 1341 1541; x_wconf 85' lang='grc'><strong>1411111111</strong></span> <span class='ocrx_word' id='word_1_223' title='bbox 1361 1439 1500 1556; x_wconf 52' lang='grc' dir='ltr'><strong>ἓεεήοἷ.</strong></span> 
     </span>
     <span class='ocr_line' id='line_1_25' title="bbox 150 1556 1498 1615; baseline -0.001 -16"><span class='ocrx_word' id='word_1_224' title='bbox 150 1573 222 1612; x_wconf 87' lang='lat' dir='ltr'>pro</span> <span class='ocrx_word' id='word_1_225' title='bbox 267 1561 313 1599; x_wconf 88' lang='lat' dir='ltr'>ad</span> <span class='ocrx_word' id='word_1_226' title='bbox 358 1556 499 1615; x_wconf 91' lang='lat' dir='ltr'>illum).</span> <span class='ocrx_word' id='word_1_227' title='bbox 561 1559 614 1600; x_wconf 78' lang='lat'>18</span> <span class='ocrx_word' id='word_1_228' title='bbox 653 1560 854 1611; x_wconf 88' lang='lat' dir='ltr'>paululum</span> <span class='ocrx_word' id='word_1_229' title='bbox 895 1563 1085 1599; x_wconf 84' lang='lat' dir='ltr'>intersiet.</span> <span class='ocrx_word' id='word_1_230' title='bbox 1146 1560 1200 1599; x_wconf 92' lang='grc'>22</span> <span class='ocrx_word' id='word_1_231' title='bbox 1233 1561 1328 1600; x_wconf 88' lang='lat' dir='ltr'>haec</span> <span class='ocrx_word' id='word_1_232' title='bbox 1360 1560 1498 1600; x_wconf 73' lang='lat' dir='ltr'>fabula.</span> 
     </span>
     <span class='ocr_line' id='line_1_26' title="bbox 152 1615 1500 1673; baseline -0.001 -15"><span class='ocrx_word' id='word_1_233' title='bbox 152 1618 207 1658; x_wconf 88' lang='grc'>23</span> <span class='ocrx_word' id='word_1_234' title='bbox 240 1620 362 1658; x_wconf 88' lang='lat' dir='ltr'>rediis</span> <span class='ocrx_word' id='word_1_235' title='bbox 395 1615 535 1673; x_wconf 78' lang='lat' dir='ltr'>(error</span> <span class='ocrx_word' id='word_1_236' title='bbox 560 1621 725 1658; x_wconf 71' lang='lat' dir='ltr'>librarii</span> <span class='ocrx_word' id='word_1_237' title='bbox 747 1632 828 1669; x_wconf 75' lang='lat' dir='ltr'>pro</span> <span class='ocrx_word' id='word_1_238' title='bbox 854 1615 1032 1673; x_wconf 78' lang='lat' dir='ltr'>redigis).</span> <span class='ocrx_word' id='word_1_239' title='bbox 1079 1618 1132 1658; x_wconf 93' lang='lat'>37</span> <span class='ocrx_word' id='word_1_240' title='bbox 1159 1620 1261 1658; x_wconf 86' lang='lat' dir='ltr'>huic.</span> <span class='ocrx_word' id='word_1_241' title='bbox 1301 1617 1354 1659; x_wconf 80' lang='lat'>38</span> <span class='ocrx_word' id='word_1_242' title='bbox 1383 1621 1500 1658; x_wconf 82' lang='lat' dir='ltr'>etiam</span> 
     </span>
     <span class='ocr_line' id='line_1_27' title="bbox 150 1676 1499 1729; baseline 0 -13"><span class='ocrx_word' id='word_1_243' title='bbox 150 1691 267 1717; x_wconf 88' lang='lat' dir='ltr'>nunc.</span> <span class='ocrx_word' id='word_1_244' title='bbox 310 1676 367 1717; x_wconf 80' lang='lat'>48</span> <span class='ocrx_word' id='word_1_245' title='bbox 401 1678 448 1716; x_wconf 93' lang='lat' dir='ltr'>Oi</span> <span class='ocrx_word' id='word_1_246' title='bbox 474 1680 671 1729; x_wconf 89' lang='lat' dir='ltr'>ei—quo</span> <span class='ocrx_word' id='word_1_247' title='bbox 697 1679 812 1716; x_wconf 91' lang='lat' dir='ltr'>modo</span> <span class='ocrx_word' id='word_1_248' title='bbox 839 1678 941 1717; x_wconf 83' lang='lat' dir='ltr'>hinc.</span> <span class='ocrx_word' id='word_1_249' title='bbox 988 1676 1044 1716; x_wconf 83' lang='lat'>49</span> <span class='ocrx_word' id='word_1_250' title='bbox 1072 1683 1201 1716; x_wconf 86' lang='lat' dir='ltr'>actum</span> <span class='ocrx_word' id='word_1_251' title='bbox 1227 1683 1296 1716; x_wconf 84' lang='lat' dir='ltr'>est.</span> <span class='ocrx_word' id='word_1_252' title='bbox 1341 1676 1398 1717; x_wconf 94' lang='lat' dir='ltr'>5O</span> <span class='ocrx_word' id='word_1_253' title='bbox 1418 1683 1499 1728; x_wconf 81' lang='lat' dir='ltr'>teg-</span> 
     </span>
     <span class='ocr_line' id='line_1_28' title="bbox 151 1734 1499 1788; baseline 0.001 -14"><span class='ocrx_word' id='word_1_254' title='bbox 151 1749 252 1775; x_wconf 85' lang='lat' dir='ltr'>nam.</span> <span class='ocrx_word' id='word_1_255' title='bbox 304 1734 357 1775; x_wconf 88' lang='lat'>51</span> <span class='ocrx_word' id='word_1_256' title='bbox 392 1736 460 1775; x_wconf 87' lang='lat' dir='ltr'>uhi</span> <span class='ocrx_word' id='word_1_257' title='bbox 491 1736 659 1774; x_wconf 86' lang='lat' dir='ltr'>referam</span> <span class='ocrx_word' id='word_1_258' title='bbox 691 1738 865 1786; x_wconf 78' lang='lat' dir='ltr'>gratiam.</span> <span class='ocrx_word' id='word_1_259' title='bbox 916 1734 970 1775; x_wconf 91' lang='grc'>52</span> <span class='ocrx_word' id='word_1_260' title='bbox 1003 1736 1078 1775; x_wconf 85' lang='lat' dir='ltr'>Sed</span> <span class='ocrx_word' id='word_1_261' title='bbox 1105 1749 1208 1775; x_wconf 87' lang='lat' dir='ltr'>nunc</span> <span class='ocrx_word' id='word_1_262' title='bbox 1236 1737 1329 1788; x_wconf 86' lang='lat' dir='ltr'>quid</span> <span class='ocrx_word' id='word_1_263' title='bbox 1355 1737 1499 1775; x_wconf 87' lang='lat' dir='ltr'>facien-</span> 
     </span>
     <span class='ocr_line' id='line_1_29' title="bbox 153 1791 1498 1849; baseline 0 -16"><span class='ocrx_word' id='word_1_264' title='bbox 153 1796 246 1834; x_wconf 89' lang='lat' dir='ltr'>dum</span> <span class='ocrx_word' id='word_1_265' title='bbox 278 1808 416 1834; x_wconf 88' lang='lat' dir='ltr'>censes</span> <span class='ocrx_word' id='word_1_266' title='bbox 448 1795 594 1833; x_wconf 87' lang='lat' dir='ltr'>Dorias.</span> <span class='ocrx_word' id='word_1_267' title='bbox 645 1793 700 1834; x_wconf 87' lang='lat'>53</span> <span class='ocrx_word' id='word_1_268' title='bbox 738 1795 972 1846; x_wconf 84' lang='lat' dir='ltr'>praedicem.</span> <span class='ocrx_word' id='word_1_269' title='bbox 1023 1793 1081 1834; x_wconf 90' lang='grc'>54</span> <span class='ocrx_word' id='word_1_270' title='bbox 1121 1797 1221 1834; x_wconf 89' lang='lat' dir='ltr'>scias</span> <span class='ocrx_word' id='word_1_271' title='bbox 1255 1791 1394 1849; x_wconf 77' lang='lat' dir='ltr'>(schol.</span> <span class='ocrx_word' id='word_1_272' title='bbox 1427 1808 1498 1846; x_wconf 85' lang='lat' dir='ltr'>pro</span> 
     </span>
     <span class='ocr_line' id='line_1_30' title="bbox 154 1850 607 1908; baseline -0.002 -16"><span class='ocrx_word' id='word_1_273' title='bbox 154 1850 262 1908; x_wconf 86' lang='lat' dir='ltr'>scis).</span> <span class='ocrx_word' id='word_1_274' title='bbox 313 1852 369 1893; x_wconf 89' lang='grc'>56</span> <span class='ocrx_word' id='word_1_275' title='bbox 403 1854 607 1892; x_wconf 86' lang='lat' dir='ltr'>Chremen.</span> 
     </span>
    </p>

    <p class='ocr_par' dir='ltr' id='par_1_7' title="bbox 153 1908 1500 2010">
     <span class='ocr_line' id='line_1_31' title="bbox 243 1908 1500 1967; baseline 0 -17"><span class='ocrx_word' id='word_1_276' title='bbox 243 1935 297 1939; x_wconf 78' lang='lat'>——</span> <span class='ocrx_word' id='word_1_277' title='bbox 318 1912 378 1965; x_wconf 73' lang='lat' dir='ltr'>IV,</span> <span class='ocrx_word' id='word_1_278' title='bbox 398 1910 424 1951; x_wconf 88' lang='lat'>5</span> <span class='ocrx_word' id='word_1_279' title='bbox 452 1912 648 1951; x_wconf 84' lang='lat' dir='ltr'>Chremes.</span> <span class='ocrx_word' id='word_1_280' title='bbox 685 1912 843 1951; x_wconf 81' lang='lat' dir='ltr'>Pithias.</span> <span class='ocrx_word' id='word_1_281' title='bbox 885 1911 907 1950; x_wconf 88' lang='lat'>1</span> <span class='ocrx_word' id='word_1_282' title='bbox 935 1917 1013 1951; x_wconf 79' lang='lat' dir='ltr'>atat</span> <span class='ocrx_word' id='word_1_283' title='bbox 1046 1908 1156 1966; x_wconf 74' lang='lat' dir='ltr'>(item</span> <span class='ocrx_word' id='word_1_284' title='bbox 1179 1908 1294 1967; x_wconf 90' lang='lat'>756).</span> <span class='ocrx_word' id='word_1_285' title='bbox 1332 1910 1361 1951; x_wconf 95' lang='grc'>4</span> <span class='ocrx_word' id='word_1_286' title='bbox 1381 1912 1500 1951; x_wconf 89' lang='lat' dir='ltr'>Chre-</span> 
     </span>
     <span class='ocr_line' id='line_1_32' title="bbox 153 1970 491 2010; baseline -0.003 0"><span class='ocrx_word' id='word_1_287' title='bbox 153 1984 247 2010; x_wconf 90' lang='lat' dir='ltr'>mes.</span> <span class='ocrx_word' id='word_1_288' title='bbox 301 1970 324 2010; x_wconf 91' lang='lat'>7</span> <span class='ocrx_word' id='word_1_289' title='bbox 358 1971 491 2010; x_wconf 86' lang='lat' dir='ltr'>multo.</span> 
     </span>
    </p>

    <p class='ocr_par' dir='ltr' id='par_1_8' title="bbox 157 2028 1501 2198">
     <span class='ocr_line' id='line_1_33' title="bbox 243 2028 1498 2082; baseline -0.001 -14"><span class='ocrx_word' id='word_1_290' title='bbox 243 2052 298 2057; x_wconf 89' lang='lat'>-—</span> <span class='ocrx_word' id='word_1_291' title='bbox 325 2030 384 2082; x_wconf 84' lang='lat' dir='ltr'>IV,</span> <span class='ocrx_word' id='word_1_292' title='bbox 405 2029 430 2069; x_wconf 89' lang='grc'>6</span> <span class='ocrx_word' id='word_1_293' title='bbox 458 2030 585 2068; x_wconf 89' lang='lat' dir='ltr'>Thais.</span> <span class='ocrx_word' id='word_1_294' title='bbox 610 2030 808 2069; x_wconf 80' lang='lat' dir='ltr'>Chremes</span> <span class='ocrx_word' id='word_1_295' title='bbox 829 2030 986 2068; x_wconf 85' lang='lat' dir='ltr'>Pithias.</span> <span class='ocrx_word' id='word_1_296' title='bbox 1020 2028 1045 2068; x_wconf 88' lang='lat'>3</span> <span class='ocrx_word' id='word_1_297' title='bbox 1066 2031 1245 2081; x_wconf 74' lang='lat' dir='ltr'>ineptias.</span> <span class='ocrx_word' id='word_1_298' title='bbox 1278 2028 1305 2069; x_wconf 93' lang='grc'>5</span> <span class='ocrx_word' id='word_1_299' title='bbox 1326 2035 1498 2081; x_wconf 69' lang='lat' dir='ltr'>expecto</span> 
     </span>
     <span class='ocr_line' id='line_1_34' title="bbox 157 2084 1501 2142; baseline -0.001 -14"><span class='ocrx_word' id='word_1_300' title='bbox 157 2087 212 2128; x_wconf 84' lang='lat'>10</span> <span class='ocrx_word' id='word_1_301' title='bbox 244 2089 383 2128; x_wconf 82' lang='lat' dir='ltr'>educta</span> <span class='ocrx_word' id='word_1_302' title='bbox 415 2093 473 2127; x_wconf 81' lang='lat' dir='ltr'>est</span> <span class='ocrx_word' id='word_1_303' title='bbox 498 2091 562 2127; x_wconf 86' lang='lat' dir='ltr'>ita.</span> <span class='ocrx_word' id='word_1_304' title='bbox 616 2087 669 2127; x_wconf 88' lang='lat'>13</span> <span class='ocrx_word' id='word_1_305' title='bbox 697 2088 861 2127; x_wconf 88' lang='lat' dir='ltr'>Chreme</span> <span class='ocrx_word' id='word_1_306' title='bbox 895 2084 1005 2142; x_wconf 73' lang='lat' dir='ltr'>(item</span> <span class='ocrx_word' id='word_1_307' title='bbox 1035 2084 1149 2142; x_wconf 89' lang='lat'>765).</span> <span class='ocrx_word' id='word_1_308' title='bbox 1195 2087 1251 2128; x_wconf 92' lang='grc'>20</span> <span class='ocrx_word' id='word_1_309' title='bbox 1277 2090 1501 2127; x_wconf 81' lang='lat' dir='ltr'>existumes.</span> 
     </span>
     <span class='ocr_line' id='line_1_35' title="bbox 157 2146 783 2198; baseline -0.002 -12"><span class='ocrx_word' id='word_1_310' title='bbox 157 2146 211 2186; x_wconf 82' lang='lat'>29</span> <span class='ocrx_word' id='word_1_311' title='bbox 245 2160 447 2198; x_wconf 89' lang='lat' dir='ltr'>cognosce.</span> <span class='ocrx_word' id='word_1_312' title='bbox 499 2146 552 2186; x_wconf 88' lang='grc'>31</span> <span class='ocrx_word' id='word_1_313' title='bbox 586 2148 645 2186; x_wconf 85' lang='lat' dir='ltr'>fac</span> <span class='ocrx_word' id='word_1_314' title='bbox 676 2148 783 2186; x_wconf 86' lang='lat' dir='ltr'>haec.</span> 
     </span>
    </p>

    <p class='ocr_par' dir='ltr' id='par_1_9' title="bbox 157 2205 1503 2377">
     <span class='ocr_line' id='line_1_36' title="bbox 244 2205 1501 2258; baseline -0.001 -14"><span class='ocrx_word' id='word_1_315' title='bbox 244 2229 300 2233; x_wconf 86' lang='lat'>-—</span> <span class='ocrx_word' id='word_1_316' title='bbox 326 2207 385 2258; x_wconf 78' lang='lat' dir='ltr'>lv,</span> <span class='ocrx_word' id='word_1_317' title='bbox 413 2206 436 2245; x_wconf 79' lang='lat'><strong>7</strong></span> <span class='ocrx_word' id='word_1_318' title='bbox 464 2206 585 2245; x_wconf 83' lang='lat' dir='ltr'>Traso</span> <span class='ocrx_word' id='word_1_319' title='bbox 608 2206 732 2245; x_wconf 90' lang='lat' dir='ltr'>miles.</span> <span class='ocrx_word' id='word_1_320' title='bbox 778 2206 901 2244; x_wconf 87' lang='lat' dir='ltr'>Gnato</span> <span class='ocrx_word' id='word_1_321' title='bbox 933 2208 1139 2257; x_wconf 83' lang='lat' dir='ltr'>parasitus.</span> <span class='ocrx_word' id='word_1_322' title='bbox 1173 2206 1309 2256; x_wconf 86' lang='lat' dir='ltr'>Sanga.</span> <span class='ocrx_word' id='word_1_323' title='bbox 1343 2205 1501 2244; x_wconf 85' lang='lat' dir='ltr'>Simalio</span> 
     </span>
     <span class='ocr_line' id='line_1_37' title="bbox 158 2261 1501 2304; baseline -0.001 -2"><span class='ocrx_word' id='word_1_324' title='bbox 158 2265 332 2304; x_wconf 84' lang='lat' dir='ltr'>Siliscus.</span> <span class='ocrx_word' id='word_1_325' title='bbox 365 2265 508 2304; x_wconf 84' lang='lat' dir='ltr'>Donax.</span> <span class='ocrx_word' id='word_1_326' title='bbox 541 2265 731 2304; x_wconf 89' lang='lat' dir='ltr'>Lolarius.</span> <span class='ocrx_word' id='word_1_327' title='bbox 759 2264 957 2303; x_wconf 86' lang='lat' dir='ltr'>Chremes.</span> <span class='ocrx_word' id='word_1_328' title='bbox 985 2266 1111 2304; x_wconf 88' lang='lat' dir='ltr'>Thais.</span> <span class='ocrx_word' id='word_1_329' title='bbox 1144 2264 1170 2303; x_wconf 94' lang='grc'>2</span> <span class='ocrx_word' id='word_1_330' title='bbox 1192 2265 1322 2302; x_wconf 83' lang='lat' dir='ltr'>dorax.</span> <span class='ocrx_word' id='word_1_331' title='bbox 1353 2261 1382 2302; x_wconf 88' lang='lat'>4</span> <span class='ocrx_word' id='word_1_332' title='bbox 1401 2263 1501 2302; x_wconf 89' lang='lat' dir='ltr'>male</span> 
     </span>
     <span class='ocr_line' id='line_1_38' title="bbox 157 2318 1503 2377; baseline -0.001 -16"><span class='ocrx_word' id='word_1_333' title='bbox 157 2323 336 2362; x_wconf 84' lang='lat' dir='ltr'>mulcabo</span> <span class='ocrx_word' id='word_1_334' title='bbox 364 2347 418 2350; x_wconf 97' lang='lat'><strong>—</strong></span> <span class='ocrx_word' id='word_1_335' title='bbox 445 2329 553 2363; x_wconf 75' lang='lat' dir='ltr'>vecte</span> <span class='ocrx_word' id='word_1_336' title='bbox 581 2324 717 2363; x_wconf 86' lang='lat' dir='ltr'>donax.</span> <span class='ocrx_word' id='word_1_337' title='bbox 763 2322 789 2363; x_wconf 90' lang='lat'>5</span> <span class='ocrx_word' id='word_1_338' title='bbox 817 2324 1007 2363; x_wconf 81' lang='lat' dir='ltr'>dextrum.</span> <span class='ocrx_word' id='word_1_339' title='bbox 1054 2324 1076 2364; x_wconf 83' lang='lat'>7</span> <span class='ocrx_word' id='word_1_340' title='bbox 1110 2328 1243 2376; x_wconf 87' lang='lat' dir='ltr'>portes</span> <span class='ocrx_word' id='word_1_341' title='bbox 1267 2318 1406 2377; x_wconf 76' lang='lat' dir='ltr'>(schol.</span> <span class='ocrx_word' id='word_1_342' title='bbox 1431 2335 1503 2374; x_wconf 89' lang='lat' dir='ltr'>pro</span> 
     </span>
    </p>
   </div>
   <div class='ocr_carea' id='block_1_3' title="bbox 1647 0 1681 2162">
    <p class='ocr_par' dir='ltr' id='par_1_10' title="bbox 1647 0 1681 2162">
     <span class='ocr_line' id='line_1_39' title="bbox 1647 0 1681 2162; baseline 0 0"><span class='ocrx_word' id='word_1_343' title='bbox 1647 0 1681 2162; x_wconf 95' lang='lat' dir='ltr'> </span> 
     </span>
    </p>
   </div>
  </div>
 </body>
</html>
