1681 2576
106 92 160 132 14
429 95 447 133 ξ
474 95 505 125 2.
545 91 598 125 De
624 90 719 126 libro
745 91 961 126 Monacensi
988 94 1031 124 14
1042 93 1121 125 420.

106 199 262 252 equare]
297 201 489 252 quomodo
512 232 518 238 .
542 200 769 251 sciscercm]
796 214 874 239 11011
901 201 999 239 bene
1027 206 1155 239 actum
1182 197 1295 240 esst-,⁹
1340 202 1451 240 Haut.

1023 271 1071 293 -i-
1093 269 1266 298 praesentia
1286 269 1449 296 amicorum

104 307 166 359 ΙΙΙ,
200 306 237 358 3,
267 305 316 344 11
359 309 410 344 ita
448 306 539 344 libri
577 306 751 345 Terentii
791 307 964 345 tradunt:
1021 304 1083 345 ‘ab
1117 320 1184 345 ore
1217 320 1352 346 eorum
1384 309 1451 346 ali-

104 374 415 405 quantulumcumque

106 414 333 463 quantisper
413 409 437 450 ⁹.
511 412 548 450 M
581 413 757 462 scripsit:
790 425 856 450 ore
890 412 1116 463 aliquantis]
1140 425 1197 451 -1·
1230 415 1451 464 praesentia

106 473 349 509 amicorum.
383 470 470 521 per]
505 471 914 522 quantulumcumque.

195 542 321 586 Quare
344 542 528 591 quoniam
549 542 802 592 archetypum
822 541 913 579 libri
932 541 968 579 M
989 554 1036 580 ex
1062 542 1168 580 nullo
1194 547 1329 580 nostro
1350 542 1451 580 libro

106 600 343 638 Terentiano
375 601 541 650 petitum
574 612 661 638 esse
695 602 958 652 cognovimus
991 613 1094 639 nunc
1123 601 1225 639 unde
1253 607 1451 652 sumptum

106 671 192 697 esse
225 659 413 710 videatur,
448 671 692 709 quaeramus.
748 658 923 697 Primum
956 661 1067 709 quasi
1100 660 1289 698 indicium
1307 661 1355 698 'in
1380 660 1451 698 hac

106 719 334 768 quaestione
368 718 460 755 facit
492 718 741 770 subscriptio,
775 730 889 768 quam
923 717 1022 756 liber
1046 718 1084 756 M
1115 720 1155 756 in
1182 720 1257 756 fine
1284 718 1451 756 Andriae

105 776 283 814 tradidit:
330 775 385 826 ω]
425 777 514 815 finis
553 776 703 815 fabulae
747 782 816 814 est.
873 776 1063 827 plaudite]
1106 777 1223 816 verba
1264 777 1452 828 Calliopii‚

105 836 214 873 finita
246 835 373 873 fabula
406 836 446 873 in
473 835 625 873 theatro
652 837 838 874 recitator
864 835 1015 874 fabulae
1042 836 1186 874 aiebat:
1220 849 1252 874 co
1280 836 1451 887 plaudite

105 900 143 931 et
183 893 306 931 valete
350 895 429 932 sive
471 894 594 932 valete
636 899 675 932 et.
715 894 897 945 plaudite.
955 894 1154 944 recensui]
1196 897 1251 932 -i-
1292 895 1452 933 recitavi

104 952 203 991 hanc
237 952 416 990 fabulam.
478 952 642 990 BUBLII
679 952 913 990 TERENTII
951 953 1064 991 AFRI
1095 953 1277 991 ANDRIA
1307 952 1450 991 FINIT.

102 1011 160 1049 Ex
198 1011 258 1049 his
292 1011 421 1049 verbis
455 1013 488 1049 si
519 1011 701 1050 lemmata
727 1011 1017 1064 collegerimus,
1056 1012 1220 1050 eandem
1252 1011 1449 1062 subscrip-

104 1071 269 1122 tionem,
302 1082 398 1120 quae
431 1072 534 1108 inest
560 1072 600 1108 in
627 1070 670 1123 G,
703 1070 1054 1109 enucleaverimus:
1088 1085 1120 1109 ω
1142 1092 1149 1100 ·
1170 1070 1341 1122 plaudite
1363 1091 1370 1098 ·
1390 1082 1451 1108 re-

105 1130 252 1167 censui.
317 1128 447 1166 Bublii
479 1129 655 1167 Terentii
691 1129 775 1167 Afri
811 1129 954 1168 Andria
986 1130 1082 1168 finit.
1144 1129 1271 1168 Unum
1308 1141 1452 1167 nomen

107 1187 284 1238 Calliopii
318 1199 339 1225 a
371 1187 500 1226 scriba
542 1190 731 1226 omissum
773 1193 849 1239 est,
891 1188 1042 1226 scilicet
1083 1189 1185 1239 quod
1225 1200 1341 1239 supra
1378 1188 1451 1225 hoc

105 1258 249 1284 nomen
277 1247 316 1283 in
343 1246 521 1297 exemplo
550 1259 619 1285 suo
647 1246 745 1284 nihil
772 1247 945 1285 additum
972 1248 1137 1286 invenit:
1165 1252 1294 1285 cetera
1319 1251 1451 1284 tamen

107 1304 224 1343 verba
258 1304 559 1356 subscriptionis
592 1307 633 1344 in
665 1305 696 1343 G
728 1310 766 1343 et
797 1305 833 1343 M
866 1306 960 1344 adeo
993 1308 1096 1344 inter
1128 1319 1170 1344 se
1202 1305 1453 1356 respondent,

105 1369 148 1401 ut
166 1365 282 1401 etiam
297 1376 408 1402 error
426 1364 529 1402 idem
543 1364 673 1403 Bublii
686 1366 727 1402 in
740 1370 907 1415 utroque
929 1370 1119 1404 occurrat.
1152 1364 1306 1415 Reliqui
1320 1369 1451 1402 autem

106 1423 282 1461 eiusdem
308 1424 551 1461 recensionis
584 1423 675 1461 libri
700 1423 806 1461 DVE
835 1436 970 1462 omnes
997 1429 1103 1462 recte
1130 1423 1274 1475 Publii,
1306 1423 1336 1460 D
1364 1427 1402 1460 et
1421 1421 1452 1458 V

104 1494 175 1531 pro
209 1478 324 1519 ‘finit’
358 1478 576 1532 ‘explicuit'
609 1483 863 1532 scripserunt.
916 1483 1020 1528 Quae
1061 1488 1191 1521 autem
1223 1481 1372 1520 scholia
1404 1481 1451 1519 ad

106 1540 204 1578 hanc
228 1540 559 1591 subscriptionem
578 1541 615 1579 M
642 1541 829 1594 adiunxit7
862 1541 997 1580 eadem
1018 1543 1146 1580 omnia
1172 1543 1213 1579 in
1237 1540 1267 1578 D
1295 1551 1450 1595 quoque

108 1598 264 1650 tradita,
304 1599 371 1636 sed
410 1601 463 1638 ita
502 1600 664 1638 disiecta
703 1605 811 1652 sunt,
842 1605 901 1652 ut7
941 1613 1016 1651 quo
1056 1600 1235 1650 quodque
1276 1598 1452 1637 scholion

106 1657 357 1695 referendum
397 1659 463 1710 sit,
505 1671 618 1696 nemo
659 1665 876 1709 cognoscat.
941 1659 1102 1697 Ceterae
1142 1658 1451 1708 subscriptiones

106 1728 184 1754 non
216 1717 270 1754 ita
302 1722 545 1767 comparatae
580 1722 670 1755 sunt
724 1723 768 1755 ut
800 1719 1007 1768 quicquain
1046 1730 1093 1755 ex
1131 1719 1187 1755 eis
1220 1717 1267 1755 de
1301 1717 1451 1766 origine

106 1774 198 1812 libri
245 1774 282 1812 M
324 1775 453 1825 colligi
499 1777 634 1826 possit.
706 1775 961 1814 Recensionis
1003 1776 1261 1827 Calliopianae
1303 1774 1452 1813 nullum

107 1832 198 1871 alibi
231 1833 425 1883 reliquum
457 1839 517 1872 est
543 1836 760 1885 vestigium.
817 1835 1030 1874 Eunuchus
1057 1836 1190 1873 finitur
1215 1835 1276 1872 1115
1302 1832 1452 1872 verbis:

107 1905 151 1930 co.
185 1904 253 1930 vos
285 1892 426 1942 valete]
460 1893 549 1931 finis
576 1894 810 1932 comoediae.
843 1893 882 1932 P.
903 1893 1136 1932 TERENCII
1160 1892 1274 1931 AFRI
1298 1891 1450 1930 EUNU-

108 1950 234 1988 CHUS
266 1950 539 1990 EXPLICUIT.
602 1952 784 1991 Terencii
821 1953 945 1991 forma
977 1955 1018 1990 in
1050 1952 1143 1991 solis
1177 1951 1252 1990 GM
1284 1951 1449 2001 depren-

107 2009 223 2047 ditur.
274 2009 712 2049 Hautontimorumenos
740 2013 796 2050 sic
823 2012 974 2050 finitur:
1006 2011 1045 2049 P.
1078 2009 1313 2048 TERENTII
1338 2008 1451 2047 AFRI

107 2067 336 2107 EXPLICIT
367 2068 946 2122 HEUTONTIMORUMENOS‚
971 2070 1122 2121 Hecyra
1155 2071 1228 2108 sic:
1267 2066 1449 2106 TEREN-

108 2126 175 2164 ΤΠ
205 2126 320 2165 AFRI
351 2127 579 2166 EXPLICIT
605 2127 814 2167 HECHRA.
871 2129 914 2167 In
939 2128 1124 2180 Adelphis
1154 2133 1192 2167 et
1216 2127 1450 2165 Phormione

107 2185 205 2223 nihil
238 2187 395 2224 omnino
429 2186 694 2238 subsc-ripum]
726 2192 795 2226 est.

199 2255 268 2294 His
302 2256 658 2308 subscriptionibus
691 2259 808 2297 etiam
840 2259 986 2296 certius
1019 2268 1275 2308 personarum
1301 2254 1451 2293 indices

108 2314 359 2368 patefaciunt,
392 2316 495 2355 unde
528 2316 782 2368 archetypum
814 2316 904 2356 libri
929 2316 966 2355 M
993 2322 1190 2368 sumptum
1223 2316 1283 2353 sit.
1334 2313 1449 2351 Andr.
