1681 2576
103 425 121 454 ὃ

149 73 169 112 1
181 70 235 112 72
569 69 862 105 Commentarius
888 68 1079 104 recentior.

150 178 230 236 (est
262 183 366 220 enim
400 182 516 232 ratio,
554 193 672 231 quare
712 192 782 218 nec
822 180 955 231 plnres
988 191 1058 217 nec
1091 180 1297 229 pauciores
1329 179 1497 218 debeant

149 252 248 292 esse,
269 242 301 278 si
323 239 580 290 enim-plures
601 244 744 290 essent,
759 240 835 276 iam
855 239 973 276 nimis
993 237 1143 288 prolixa
1159 242 1263 275 essct
1284 238 1496 290 comoedia,

150 301 182 338 si
202 311 293 337 vero
321 300 505 350 minores,
532 309 742 348 numquam
769 297 923 335 adesset
949 296 1169 346 concordia,
1194 308 1265 346 per
1290 298 1495 347 pauciores

151 360 254 407 enim
277 369 391 408 quam
411 369 482 407 per
503 361 686 406 quattuor
709 368 786 393 non
811 360 939 406 potest
960 355 1159 406 perveniri
1173 354 1219 392 ad
1235 355 1496 406 concordiam,

150 416 357 455 concordia
385 420 514 454 autem
541 419 600 453 est
627 416 786 465 quintus
807 410 949 468 actus),
976 418 1014 451 et
1041 415 1129 464 quia
1157 418 1307 451 constat
1333 415 1430 452 ratio
1458 421 1494 452 et

150 476 373 526 auctoritas,
405 474 493 512 ideo
527 478 635 512 actus
662 475 906 523 assignemus
934 473 1145 522 unicuique
1173 484 1264 510 suos
1291 476 1333 510 ut
1359 474 1398 510 in
1424 472 1494 510 hac

149 535 274 584 prima
301 533 512 571 comoedia.
557 533 708 583 primus
740 533 870 582 itaque
898 536 1006 569 actus
1034 535 1098 569 est>
1120 530 1315 568 simulatio
1343 532 1496 581 nuptia-

150 605 255 643 rum,
288 604 385 642 quae
420 592 478 643 fit,
516 596 559 629 ut
591 591 697 629 Simo
735 591 908 628 animum
939 589 1131 640 Pamphili
1163 589 1238 627 filii
1277 595 1495 639 cognoscat.

151 651 347 689 secundus
389 651 605 689 destructio
649 649 879 699 earundem,
921 648 1023 699 quod
1065 648 1124 699 fit,
1163 648 1232 686 uhi
1272 647 1510 699 Pamphilus·

82 717 124 748 10
152 722 269 748 suasu
300 709 393 747 Davi
424 710 527 760 patri
553 708 709 746 oboedit
736 713 774 746 et
801 720 841 745 se
869 707 1078 745 ducturum
1104 719 1266 745 uxorem
1293 708 1496 758 promittit.

92 793 96 796 -
149 770 291 807 tertius
330 773 438 810 actus
477 772 536 805 est
575 771 782 818 apparatus
814 778 995 804 verarum
1027 766 1269 816 nuptiarum,
1309 766 1411 815 quod
1444 768 1499 817 lit,

83 1011 123 1041 15

0 1035 49 1077 {fo

151 827 218 865 ubi
257 827 362 865 Simo
401 826 596 877 decipitur
637 826 810 876 cogitans
848 825 1150 875 promissionem
1182 823 1373 874 Pamphili
1411 836 1496 862 esse

150 898 292 924 veram.
353 890 515 935 quartus
557 889 616 923 est
661 884 875 922 destructio
920 881 1151 934 earundem,
1200 882 1303 932 quod
1345 883 1387 920 fit
1426 895 1498 933 per

150 956 316 996 puerum
350 957 395 982 ex
430 943 608 994 Glycerio
640 947 774 981 natum
807 947 845 980 et
877 946 965 980 ante
999 940 1132 979 oculos
1165 953 1253 979 cum
1286 942 1400 979 metis
1433 953 1498 992 ap-

151 1005 333 1054 positum.
380 1004 540 1053 quintus
574 1006 633 1040 est
665 1001 872 1039 concordia
903 1001 1078 1038 omnium
1109 999 1438 1050 praecedentium.

0 1068 206 1126 ,dfrffiffm
240 1062 334 1100 Orto
360 1061 462 1100 bello
489 1061 651 1099 Athenis
678 1072 766 1098 cum
794 1059 980 1098 Chremes
1008 1058 1166 1109 quidam
1193 1071 1312 1096 senex
1337 1064 1501 1114 propter

0 1121 111 1170 9ιῇιί
152 1121 385 1159 seditionem
418 1119 645 1170 reliquisset
675 1120 801 1169 ipsam
835 1119 1041 1169 civitatem,
1074 1117 1120 1155 ad
1153 1116 1224 1155 alia
1258 1116 1341 1155 loca
1373 1122 1499 1156 trans-

0 1170 130 1222 M&
150 1181 331 1230 migravit
363 1179 510 1217 ducens
544 1190 677 1216 secum
710 1177 828 1215 filiam
862 1189 970 1215 suam
1002 1177 1191 1214 maiorem
1216 1175 1497 1214 Philumenam.

104 1225 244 1276 ⁷²'Post
275 1238 515 1289 aliquantum
542 1249 633 1275 vero
660 1237 849 1287 temporis
874 1235 1052 1287 Phanias,
1079 1235 1198 1272 frater
1225 1230 1321 1286 eius,
1348 1237 1499 1286 accepit

83 1304 125 1334 20

82 1598 126 1629 ⁵25

152 1297 270 1335 filiam
309 1299 393 1335 eius
432 1298 641 1347 minorem,
679 1300 837 1345 neptem
869 1306 960 1332 vcro
995 1305 1120 1345 suam,
1160 1305 1257 1343 quae
1290 1293 1501 1331 vocabatur

152 1356 344 1407 Pasibula,
376 1368 473 1405 quae
508 1354 755 1405 postmodum
782 1358 915 1391 vocata
948 1357 1006 1390 est
1032 1352 1266 1403 Glycerium,
1299 1357 1336 1390 et
1364 1364 1498 1403 perre-

151 1417 209 1453 xit
240 1421 328 1466 post
359 1416 488 1464 ipsum
520 1415 561 1451 in
593 1414 734 1451 Asiam.
795 1412 878 1458 Quo
912 1424 1000 1449 cum
1032 1416 1225 1462 pergeret,
1258 1412 1346 1448 navi
1378 1411 1499 1449 fracta

153 1475 305 1512 devenit
340 1473 386 1511 ad
419 1473 606 1523 Andrum,
638 1471 806 1509 insulam
838 1470 1089 1521 Graecorum,
1122 1475 1159 1507 et
1190 1469 1245 1507 ihi
1277 1469 1446 1520 hospitio
1479 1482 1500 1508 a

152 1538 261 1584 patre
304 1532 505 1582 Chrysidis
548 1535 754 1581 susceptus
796 1535 865 1568 est.
926 1528 1001 1574 Qui
1043 1540 1132 1567 cum
1173 1528 1227 1566 ibi
1268 1533 1499 1580 moraretur,

152 1597 278 1630 morte
320 1596 553 1642 praeventus
596 1594 665 1627 est.
732 1588 826 1627 Post
867 1588 1013 1638 aliquot
1051 1599 1142 1625 vero
1184 1587 1267 1625 dies
1310 1592 1347 1625 et
1388 1587 1499 1638 pal'er

154 1650 354 1701 Chrysidis
396 1654 574 1687 mortuus
616 1653 675 1687 est
716 1652 754 1685 et
795 1650 1072 1685 remanserunt
1114 1645 1217 1684 solae
1260 1645 1419 1697 Chrysis
1461 1652 1501 1684 et

153 1709 386 1760 Glycerium.
443 1707 606 1746 Coactae
639 1707 806 1757 denique
840 1710 1011 1756 egestate
1038 1709 1076 1742 et
1102 1706 1232 1754 inopia
1258 1704 1502 1743 devenerunt

153 1768 322 1806 Athenas
361 1772 399 1805 et
436 1766 490 1804 ihi
530 1770 744 1816 coeperunt
776 1766 916 1803 rivere.
974 1763 1160 1802 Chremes
1194 1775 1283 1800 vero
1322 1765 1399 1801 iam
1437 1777 1498 1802 re—

153 1839 291 1865 versus
324 1821 449 1864 fuerat
474 1825 644 1863 Athenas
678 1836 765 1862 cum
792 1823 869 1861 filia
897 1835 965 1861 sua
991 1823 1136 1860 maiore
1163 1821 1402 1860 Philumena.
1456 1822 1501 1860 In

88 1906 94 1909 ·
153 1886 224 1924 hac
257 1886 411 1923 civitate
444 1888 526 1922 erat
559 1883 715 1933 quidam
749 1894 867 1920 senex
900 1882 1056 1919 nomine
1085 1880 1203 1931 Simo,
1236 1881 1303 1930 qui
1334 1880 1501 1919 habehat

156 1940 278 1983 lilium
310 1945 467 1982 nomine
494 1941 750 1994 Pamphilum,
783 1942 845 1979 cui
877 1939 1043 1978 hahebat
1076 1939 1350 1989 desponsatam
1382 1939 1502 1978 filiam

156 2003 376 2042 Chremetis
407 2001 688 2040 Philumenam.
746 1999 821 2045 Qui
857 2010 1026 2050 pergens
1051 1998 1111 2049 ‚ad
1149 1997 1308 2036 domum
1346 1998 1501 2037 illarum

245 2118 265 2148 3
279 2114 412 2150 minus.
464 2118 484 2149 5
499 2115 608 2149 ostat.
661 2117 680 2147 6
695 2111 910 2157 unicuique]
931 2111 1056 2146 une'c'.
1108 2114 1150 2144 12
1166 2110 1350 2156 cogitans]
1367 2111 1396 2145 c'
1408 2110 1501 2146 dms.

157 2164 199 2196 16
227 2162 309 2197 Hoc
334 2166 586 2207 armmwntum
620 2161 668 2195 ad
694 2161 879 2194 Andriam
903 2170 946 2193 eac
978 2158 1007 2192 Ε
1028 2159 1184 2203 petitum
1215 2162 1280 2201 est,
1318 2159 1360 2192 m
1384 2158 1499 2193 Barb.

155 2210 274 2244 codice
299 2210 402 2244 deest.
530 2213 572 2242 18
600 2207 857 2241 Philomenam
885 2207 951 2249 (sic
975 2208 1137 2250 semper).
1279 2208 1321 2238 19
1350 2204 1500 2239 Fafiius.

156 2260 199 2290 21
227 2255 433 2290 Passibula,
463 2276 506 2289 .—
534 2253 734 2290 Glieerium
759 2255 826 2297 (sic
851 2255 1012 2297 semper).
1156 2255 1202 2286 24
1228 2250 1407 2286 Chrisidis
1435 2253 1503 2296 (sic

157 2305 320 2348 semper).
1112 2312 1117 2317 ·
