1681 2576
220 148 274 189 68
785 148 827 182 ΙΙ.
854 147 1000 182 Donati.

306 258 423 297 Andr.
447 256 510 308 III,
534 255 571 308 2,
599 255 624 296 6
664 268 741 306 per
778 262 937 296 ecastor
971 255 1112 307 sellas]
1148 258 1343 308 perscitus
1377 255 1563 308 (secund.

220 318 312 356 Don.
380 318 418 355 C.

310 316 364 402 —>—
391 374 453 425 III,
480 372 518 425 2,
545 370 602 411 24
633 373 788 423 occepi]
822 373 881 411 vel
913 375 1072 424 oecoepi
1104 374 1319 412 secundum
1351 373 1444 412 Don.
1483 375 1530 413 D.

311 457 364 461 —-
392 433 455 483 III,
481 429 519 483 5,
546 430 571 470 2
604 431 721 481 nulli]
754 432 898 470 nullius
932 432 1089 470 secund.
1122 432 1217 470 Don.
1262 434 1308 471 D.

174 502 194 531 5
312 515 365 518 —
392 491 452 543 IV,
474 488 511 542 1,
540 489 591 529 17
625 490 808 540 multum]
843 490 992 528 scilicet
1024 503 1253 541 promovero
1281 491 1359 529 scd.
1386 490 1479 529 Dou.
1519 492 1565 529 D.

312 573 365 577 ——
393 550 453 602 IV,
480 547 518 601 3,
544 547 571 588 5
605 548 797 599 dolorem]
831 548 944 587 aliter
976 549 1146 587 laborem
1180 550 1258 587 scd.
1291 549 1384 587 Don.
1430 551 1477 588 D.

312 633 365 636 —
392 609 452 661 IV,
478 606 516 660 3,
544 606 597 646 13
631 606 931 657 iusiurandum]
965 608 1171 646 iurandum
1204 608 1282 646 scd.
1315 607 1408 646 Don.
1454 609 1500 647 D.

312 691 365 695 -—
392 667 451 719 IV,
477 664 517 718 4,
544 665 569 705 6
602 665 750 715 liiiyat]
784 665 897 704 aliter
928 665 1080 716 litigant
1113 667 1190 705 sed.
1223 666 1316 704 Don.
1362 667 1410 705 l).

311 750 365 754 ——
391 726 451 778 IV,
476 723 516 777 4,
543 723 597 763 21
632 738 683 764 ex
709 727 807 763 istoc
828 727 1003 764 excessis
1022 724 1126 774 loeo]
1147 725 1238 763 inde
1259 725 1436 777 excedas,
1456 724 1568 763 aliter

151 796 194 826 10
221 780 504 825 excessis'scd.
536 783 629 822 Don.
671 784 719 822 D.

310 867 363 871 —
390 843 449 894 IV,
474 840 514 894 4,
540 839 595 879 42
630 841 720 891 eho]
749 841 860 880 aliter
893 854 941 880 au
973 841 1051 880 sed.
1085 841 1178 880 Don.
1223 843 1269 880 D.

309 925 364 929 —
390 901 449 953 IV,
470 898 509 952 ὃ,
530 899 583 938 21
613 900 855 950 despoliare]
878 913 898 938 a
923 900 1036 938 bonis
1058 900 1258 951 Chrysidis
1286 900 1363 939 scd.
1385 900 1478 938 Don.
1518 901 1566 937 I).

310 984 364 988 ——
391 960 433 1012 V,
461 958 498 1011 1,
525 956 551 997 5
584 958 744 1009 initum]
777 960 1017 1010 promissum
1049 964 1087 997 et
1119 958 1356 1010 inchoatum,
1387 963 1566 1009 coeptum

222 1021 302 1060 scd.
335 1019 429 1058 Don.
472 1019 519 1056 D.

151 1088 193 1119 15
309 1102 362 1106 ——
383 1078 424 1129 V,
447 1075 484 1129 1,
505 1075 530 1116 6
557 1079 666 1125 quod
695 1076 825 1126 cupis]
853 1076 913 1114 vel
939 1076 1044 1115 velis.
1096 1075 1239 1126 legitur
1265 1080 1303 1114 et
1330 1076 1432 1126 quod
1459 1075 1567 1114 iubet

220 1138 298 1177 scd.
331 1137 425 1175 Don.
471 1137 517 1174 D.

309 1219 363 1222 —
384 1195 426 1246 V,
454 1192 491 1245 1,
518 1192 574 1232 20
604 1193 702 1243 ium]
731 1194 809 1232 sed.
830 1193 924 1232 Don.
945 1199 1029 1232 tum
1055 1195 1096 1231 in
1121 1205 1237 1231 versu
1262 1204 1341 1231 non
1367 1192 1565 1244 scribitur,

220 1256 288 1294 sed
321 1253 562 1293 subauditur.
609 1254 657 1291 D.

310 1336 364 1339 —
393 1335 447 1338 —
476 1309 805 1360 praesenseram]
833 1309 945 1348 aliter
971 1314 1272 1361 praesenserant
1293 1310 1370 1348 scd.
1391 1309 1485 1348 Don.
1519 1311 1567 1348 D.

148 1381 194 1411 20
309 1394 363 1398 -—-
390 1371 432 1422 V,
460 1368 497 1421 1,
524 1368 578 1407 22
611 1368 727 1418 quid]
762 1369 800 1407 id
834 1374 893 1407 est
923 1373 1085 1420 propter
1112 1368 1205 1419 quid
1231 1368 1291 1406 vel
1316 1380 1386 1419 pro
1421 1380 1497 1419 qua
1525 1380 1566 1406 re

221 1431 299 1470 sed.
332 1429 426 1468 Don.
473 1430 521 1467 D.

310 1511 364 1515 --
393 1510 447 1514 ——
475 1486 543 1535 ae]
576 1498 647 1536 pro
680 1490 815 1523 contra
848 1497 963 1535 quam
997 1485 1075 1523 scd.
1101 1485 1196 1523 Don.
1238 1486 1285 1523 D.

310 1569 364 1574 -
392 1546 433 1598 V,
459 1543 499 1596 4,
526 1543 551 1583 9
586 1543 733 1594 iactas]
767 1544 879 1582 aliter
911 1543 1030 1582 lactas
1065 1544 1143 1582 scd.
1175 1543 1379 1582 Donatum.
1423 1545 1470 1587 D.

310 1628 365 1632 —
391 1604 433 1656 V,
459 1601 499 1655 4,
527 1601 581 1643 16
613 1605 672 1642 sie
709 1604 817 1642 Crito
850 1602 942 1652 eta]
977 1603 1051 1654 sic,
1085 1602 1209 1654 Crito,
1248 1607 1307 1640 est
1337 1602 1411 1640 hie.
1444 1603 1568 1654 mitte,

150 1672 195 1704 25
223 1664 301 1703 scd.
321 1663 525 1702 Donatum.
558 1661 621 1699 hic
646 1662 752 1700 enim
772 1661 959 1699 Chremes
979 1661 1147 1699 traducit
1169 1660 1278 1699 illum
1299 1660 1345 1698 ab
1366 1661 1568 1699 iracundia

222 1723 387 1762 dicendo
421 1723 476 1759 sic
509 1732 598 1758 eum
633 1732 729 1758 esse.
775 1721 824 1759 D.

311 1803 365 1807 —
393 1780 435 1831 V,
460 1777 500 1831 4,
529 1777 581 1818 18
614 1777 765 1827 moveo]
799 1778 839 1816 id
871 1782 932 1816 est
962 1776 1078 1815 turbo
1112 1778 1190 1816 sod.
1223 1777 1316 1815 Don.
1362 1778 1409 1816 D.

313 1862 366 1866 —-
394 1839 436 1890 V,
460 1836 502 1890 4,
530 1835 584 1876 36
616 1849 715 1876 sane
747 1835 880 1886 istam]
914 1836 1028 1874 aliter
1058 1848 1106 1873 ne
1140 1835 1218 1874 scd.
1250 1835 1344 1874 Don.
1389 1837 1437 1875 D.

313 1921 367 1924 ——
393 1897 435 1948 V,
461 1894 501 1948 4,
528 1894 582 1935 38
616 1894 724 1944 odio]
759 1895 872 1934 aliter
904 1895 1036 1933 odium
1069 1894 1146 1932 scd.
1178 1894 1272 1932 Don.
1317 1895 1364 1933 D.

152 1966 198 1997 30
313 1979 367 1983 —
394 1956 436 2007 V,
462 1953 501 2007 5,
529 1954 551 1993 7
587 1955 738 1993 Davom
770 1953 900 2004 video]
940 1955 980 1991 in
1019 1952 1102 1991 aliis
1135 1952 1246 1991 libris
1279 1952 1372 1991 Davi
1401 1965 1568 2004 persona

223 2017 286 2055 hic
317 2015 485 2054 infertur
518 2013 596 2052 scd.
628 2012 722 2051 Don.
767 2014 814 2052 D.

661 2159 699 2193 2.
737 2156 811 2192 Ad
841 2156 1129 2193 Eunuchum.

313 2248 413 2287 Prol.
440 2246 467 2287 5
499 2246 718 2297 existimat]
750 2259 822 2298 pro
855 2248 1090 2285 existimavit
1122 2245 1199 2285 sed.
1232 2245 1326 2284 Don.
1366 2246 1414 2284 D.

315 2330 369 2334 —
397 2306 422 2346 9
461 2307 684 2346 Menandri
720 2305 912 2356 Phasma]
961 2306 1039 2344 scd.
1081 2305 1174 2343 Don.
1233 2315 1376 2343 nomen
1417 2303 1566 2342 fabulae

156 2375 200 2406 35
226 2366 428 2406 Menandri
458 2370 528 2404 est.
578 2366 626 2404 D.

1665 2113 1681 2163 -3
